4134 5834
954 607 1040 665 Liber
1060 607 1092 665 V.
1130 608 1278 664 198-220.

621 828 823 912 septimaque
845 846 885 889 ex
908 823 1003 889 undis
1025 845 1102 909 pars
1123 844 1194 887 sese
1218 823 1355 908 emergit
1377 822 1410 886 iu
1434 827 1530 895 aetra,

621 940 758 1018 uenatus
780 954 844 997 non
868 931 921 996 ille
945 931 1089 1016 quidem,
1112 951 1226 995 uerum
1251 951 1342 995 arma
1365 930 1480 994 creetis

566 1064 607 1108 roo
622 1040 762 1105 uenandi
786 1039 918 1104 tribuet:
944 1038 1067 1102 catulos
1091 1038 1214 1101 nutrire
1238 1036 1363 1121 sagacia

600 1154 653 1213 et
675 1170 777 1233 genus
800 1168 820 1212 a
842 1146 985 1231 proauis,
1009 1165 1116 1210 mores
1139 1164 1310 1209 numerere
1334 1164 1392 1229 per
1414 1142 1521 1225 urbes,

617 1256 762 1341 retiaque
786 1261 817 1318 et
840 1252 950 1317 ualida
972 1252 1136 1317 uenabula
1159 1251 1292 1336 cuspide
1314 1250 1379 1315 fixa

618 1364 769 1449 lentaque
792 1360 949 1426 contextis
972 1361 1114 1425 formare
1137 1359 1267 1424 hastilia
1290 1358 1394 1439 nodis,

618 1479 651 1534 et
674 1468 900 1555 quodcumque
923 1467 1005 1533 solet
1026 1467 1168 1532 uenandi
1191 1487 1324 1552 poscere
1348 1487 1435 1546 cura,

564 1600 605 1643 roe
618 1578 651 1641 in
675 1576 822 1662 proprios
845 1574 1006 1640 fabricare
1029 1575 1118 1639 dabit
1141 1574 1270 1639 uenalia
1293 1580 1456 1659 quaestus.

672 1705 745 1749 cum
768 1704 847 1747 uero
870 1682 904 1746 in
927 1687 1037 1747 uastos
1060 1682 1163 1765 surgit
1185 1680 1366 1746 Nemeaeus
1389 1680 1507 1761 hiatus,

618 1792 824 1876 exoriturque
847 1790 947 1872 canis,
971 1789 1132 1873 latratqne
1156 1787 1303 1853 canicula
1326 1787 1474 1851 flammas

618 1908 650 1963 et
672 1897 756 1964 rabit
779 1899 855 1981 igne
878 1918 937 1962 suo
959 1897 1168 1982 geminatque
1191 1894 1341 1960 incendia
1363 1895 1448 1959 solie.

617 2027 682 2091 qua
704 2005 863 2071 subdente
886 2004 991 2069 fecem
1014 2004 1109 2069 terris
1132 2003 1305 2087 radiosque
1328 2009 1479 2067 mouente
1592 2007 1594 2013 '

562 2137 603 2180 aro
617 2114 748 2178 dimicat
771 2113 803 2177 in
828 2114 953 2177 eineres
976 2111 1064 2175 orbis
1087 2111 1255 2196 fatumque
1278 2131 1465 2195 supremum

615 2219 756 2301 sortitur,
780 2220 976 2305 languetque
999 2219 1067 2283 suis
1089 2217 1259 2304 Neptunus
1282 2217 1315 2282 in
1339 2217 1445 2296 undis,

616 2334 649 2392 et
671 2326 784 2392 uiridis
807 2328 932 2392 nemori
955 2326 1087 2411 sanguis
1110 2325 1237 2390 decedit
1260 2330 1293 2389 et
1315 2324 1432 2390 herbis.

616 2442 732 2499 cuncte
754 2434 943 2519 peregrinos
966 2435 1061 2499 orbes
1085 2433 1238 2498 animalia
1260 2438 1431 2518 quaerunt,

616 2552 712 2628 atque
735 2549 809 2627 eget
832 2542 964 2607 alterins
987 2541 1138 2606 muudus.
1184 2547 1302 2605 notura
1325 2539 1459 2604 suismet

560 2672 601 2715 are
615 2654 763 2735 aegrotat
785 2648 906 2714 morbis
930 2649 1047 2713 nimios
1070 2647 1202 2712 obsessa
1225 2668 1283 2732 per
1307 2653 1414 2712 aestus

614 2759 713 2842 inque
736 2777 815 2841 rogo
839 2756 934 2836 uinit;
958 2762 1069 2821 tentus
1092 2776 1150 2841 per
1173 2754 1280 2820 sidera
1302 2754 1412 2819 feruor

614 2863 771 2947 funditur,
795 2869 891 2949 atque
915 2885 979 2929 uuo
1003 2884 1064 2927 ceu
1086 2864 1216 2927 suntin
1241 2862 1377 2927 fulmine
1401 2868 1525 2928 cuncte.

613 2970 693 3036 haec
717 2972 773 3035 ubi
796 2993 830 3036 se
852 2978 951 3057 ponto
975 2992 1034 3056 per
1056 2972 1177 3056 primae
1201 2969 1315 3034 extulit
1337 2991 1420 3052 oras,

614 3085 799 3144 nascentem
824 3101 921 3163 quam
945 3100 1004 3143 nec
1028 3079 1137 3163 pelagi
1159 3078 1342 3142 restinxerit
1365 3077 1461 3158 nuda,

560 3207 600 3251 rao
614 3187 753 3251 effrenos
778 3187 901 3251 animos
925 3185 1133 3270 uiolentaque
1157 3191 1288 3269 pectora
1311 3184 1412 3268 finget

613 3294 800 3379 irarumque
823 3292 913 3357 dabit
936 3293 1029 3357 fletus
1054 3292 1228 3377 odiumque
1252 3298 1438 3378 metumque

612 3402 710 3465 totins
734 3400 833 3484 uulgi.
880 3405 1075 3485 procurrunt
1098 3400 1213 3478 uerbe3
1237 3400 1397 3485 loquentis

613 3515 687 3572 ante
711 3530 747 3572 os
770 3514 820 3571 est
842 3508 983 3586 animus3
1008 3527 1068 3571 nec
1093 3509 1219 3592 magnis
1242 3509 1368 3572 concita
1391 3510 1497 3573 causis

612 3615 709 3680 corda
732 3615 862 3695 micant,
887 3622 919 3679 et
942 3616 1054 3700 lingna
1077 3616 1170 3695 rabit,
1195 3616 1356 3702 latratqne
1379 3616 1540 3702 loquendo

556 3743 597 3786 rra
611 3722 771 3787 morsibus
795 3728 827 3788 et
850 3723 971 3788 crebris
995 3722 1108 3787 dentes
1133 3724 1165 3787 in
1190 3744 1270 3788 noce
1294 3724 1409 3789 relidit.

610 3830 749 3896 ardescit
771 3832 849 3896 uitio
873 3832 999 3913 uitium,
1024 3832 1174 3917 uiresque
1197 3831 1360 3896 ministrat

558 4017 609 4070 198
627 4031 681 4071 resa
699 4031 755 4072 om.
769 4033 797 4072 ru
819 4017 861 4084 (in
879 4017 937 4087 lm2
955 4031 1046 4086 supra
1058 4016 1152 4080 addit)
1171 4049 1205 4057 -
1222 4019 1276 4071 200
1294 4014 1418 4071 tribuito
1436 4006 1560 4086 meurisl
1577 4031 1709 4086 aegaeae
1727 4047 1763 4059 -

450 4114 501 4167 201
520 4107 637 4182 apoudl
655 4130 808 4183 apr-mmm
827 4122 926 4171 armo
945 4144 977 4153 -
995 4116 1048 4170 202
1065 4113 1202 4183 fioral—
1221 4116 1274 4169 203
1291 4112 1435 4169 conterorl
1452 4113 1685 4170 cutiliae-204
1703 4118 1764 4185 qui·

448 4226 596 4278 camqrrem
608 4212 812 4301 quodcumqae
821 4228 996 4282 powereg-
966 4214 1061 4268 205
1067 4226 1228 4281 propnoem
1238 4211 1395 4281 propriora>
1407 4213 1763 4282 -aoeaayeroroemaoeo

450 4336 481 4344 -
494 4310 545 4364 207
555 4309 658 4365 caniac
672 4292 816 4380 flammdel
830 4310 948 4378 flamma
961 4326 977 4365 c
991 4310 1229 4419 tiammoagrner]
1247 4311 1301 4364 208
1317 4308 1423 4377 rapotl
1442 4310 1566 4379 ropitgc
1588 4316 1665 4379 repet
1678 4325 1707 4366 m
1728 4341 1762 4351 -

449 4434 502 4487 209
513 4437 635 4489 merente
644 4433 675 4502 lg
687 4438 835 4489 mouentem
844 4450 933 4490 cm
901 4437 997 4489 212
1006 4450 1158 4491 acaronem
1173 4383 1323 4513 0213335-
1291 4435 1386 4489 -210
1397 4415 1562 4501 ororbdsl-
1574 4436 1625 4491 217
1639 4442 1766 4494 careum

448 4530 479 4584 ia
492 4530 685 4598 flumiaco-
703 4533 755 4587 218
768 4527 855 4601 poetri
870 4532 879 4586 Ι
892 4536 979 4602 porto
992 4548 1020 4587 m
1035 4532 1205 4601 prooeimoao
1227 4533 1385 4587 borasc—
1404 4534 1456 4586 219
1475 4526 1667 4587 Nascentem⁸¹
1683 4549 1763 4603 qaam

445 4628 533 4697 pelagi
545 4628 737 4684 reetriracerr'tl
753 4630 830 4696 (coll.
842 4630 920 4686 Vret.
934 4630 1102 4695 restinxerit)
1120 4629 1145 4684 ai
1157 4648 1234 4699 qaam
1242 4649 1272 4700 p.
1287 4645 1327 4696 gc
1346 4648 1426 4698 quom
1438 4647 1486 4685 racc
1499 4646 1526 4685 m
1546 4631 1718 4686 restrinoarit
1732 4648 1761 4688 m

447 4726 912 4795 rcetimmtgpcretrr'rrcoerr'tc-
903 4729 975 4782 220
985 4720 1087 4797 lingitl
1097 4727 1534 4798 fingrtmfingatgetrrnyrtc
1502 4730 1597 4783 221
1609 4728 1761 4796 fietuso—
1798 4746 1811 4768 ⁸

448 4825 500 4878 222
521 4828 727 4893 procurraratm
748 4829 1021 4894 proeorrmnto—
1041 4825 1299 4880 223condr'tao-
1319 4826 1655 4927 2⁴24ro1rdr‘tlrobr'tm(
1645 4828 1762 4900 (u2v2)

447 4921 625 4991 rapitgc-
593 4924 696 4979 -225
714 4906 875 4992 reiirrqur'dl
893 4923 1024 4991 relinquit
1036 4939 1086 4978 ruc
1105 4922 1253 4993 reliquitg
