4134 5834
864 619 949 676 Liber
967 620 1001 676 ll.
1040 624 1190 677 951-970.

526 857 567 900 ne
591 836 719 916 mirere,
742 836 828 921 nigri
851 838 878 901 si
902 836 986 901 Ditis
1011 838 1109 901 ianua
1133 837 1236 902 fertur

526 951 558 1008 et
580 943 679 1008 fiuem
702 945 820 1008 retinet
842 966 901 1031 per
923 952 1014 1009 tauta
1037 946 1183 1031 pericula
1206 946 1327 1010 mortis.

525 1052 577 1115 hic
601 1052 698 1115 etiam
722 1053 792 1136 ipse
815 1052 885 1116 dies
908 1052 1046 1117 moritur
1068 1060 1236 1137 terrasque
1258 1073 1318 1138 per
1340 1053 1452 1118 orbem

525 1159 663 1244 subripit
685 1164 718 1222 et
740 1161 843 1224 noctis
867 1166 997 1245 captum
1022 1161 1083 1224 sub
1107 1180 1236 1225 carcere
1260 1160 1389 1224 claudit.

469 1266 1239 1351 mmmdfflmmmmmffl

522 1374 662 1459 pectoris
686 1379 719 1437 et
740 1374 878 1458 pondus.
925 1379 1016 1438 tauta
1040 1380 1089 1438 est
1112 1375 1144 1437 iu
1170 1373 1246 1437 sede
1269 1379 1421 1459 potestas,

524 1502 608 1567 quae
631 1487 728 1545 uocat
750 1487 783 1544 et
807 1481 916 1545 condit
939 1480 1109 1545 Phoebum
1134 1480 1312 1565 recipitque
1335 1480 1499 1565 refertque

525 1593 791 1673 consummatque
815 1588 911 1652 diem.
959 1589 1016 1652 tali
1041 1588 1101 1653 sub
1126 1587 1197 1671 lege
1222 1588 1382 1651 rotundae

523 1694 719 1780 templorum
743 1695 802 1758 tibi
825 1703 902 1759 suut
924 1696 1021 1776 uiroc,
1047 1716 1129 1779 quus
1151 1694 1300 1779 peruolat
1323 1695 1428 1759 omnis

469 1826 510 1869 auo
524 1810 684 1867 astrorum
710 1804 810 1866 series
834 1803 987 1887 ducitque
1012 1809 1045 1866 et
1069 1801 1253 1866 commodat
1276 1801 1338 1864 illis

523 1912 594 1995 ipsa
616 1930 691 1973 suas
715 1909 815 1994 leges,
840 1910 1018 1994 stellaeque
1043 1931 1083 1973 ex
1107 1909 1220 1973 ordine
1243 1916 1341 1988 certo,

524 2024 559 2081 ut
581 2024 698 2082 natura
721 2016 806 2096 sinit,
832 2017 971 2081 lustrant
993 2018 1168 2101 uariasque
1191 2017 1336 2080 locorum

523 2125 669 2189 efficiunt
692 2126 789 2205 uires,
814 2132 990 2209 utcumque
1014 2124 1122 2187 alicua
1145 2129 1317 2208 capessunt

524 2254 625 2317 regua
648 2240 680 2297 et
703 2234 736 2296 iu
761 2233 903 2296 externis
927 2232 1098 2296 subsidunt
1121 2231 1249 2315 hospita
1272 2231 1394 2295 castris.

469 2363 510 2404 aco
525 2340 604 2403 haec
628 2340 707 2403 mihi
731 2340 791 2403 sub
816 2347 905 2403 certa
928 2338 1096 2403 stellarum
1120 2343 1212 2422 parte
1237 2344 1406 2415 canentur3

524 2467 610 2511 nuuc
634 2448 712 2511 satis
736 2452 794 2527 est,
820 2446 900 2510 caeli
925 2451 1035 2530 partes
1059 2444 1234 2529 titulosque
1258 2451 1386 2508 notasse

524 2555 723 2637 effectusque
746 2553 810 2617 loci
833 2574 893 2638 per
916 2574 951 2616 se
975 2553 1131 2637 cuiusque
1155 2551 1306 2638 deosque.

524 2658 580 2721 cui
598 2656 694 2740 porti
717 2677 838 2722 nomn
857 2655 982 2739 posuit,
1007 2656 1066 2738 qui
1090 2654 1238 2721 condidit
1262 2661 1376 2740 artem,

526 2769 697 2848 astutoque,
718 2785 783 2847 per
806 2765 895 2846 quod
917 2764 1031 2829 stellae
1057 2763 1193 2827 diuerso
1216 2764 1367 2828 uolentes

470 2894 606 2955 coequos
630 2872 773 2936 reddunt
795 2876 914 2953 motus,
936 2871 1076 2954 proprio
1101 2869 1195 2934 arcuit
1219 2869 1332 2935 ordine
1356 2891 1479 2936 rerum.

472 3088 522 3141 951
552 3101 623 3141 neo
654 3117 686 3124 -
712 3089 764 3142 952
788 3086 895 3141 lacuna
919 3086 987 3139 ino
1016 3086 1040 3151 (3
1065 3085 1129 3139 riu
1154 3099 1245 3153 marg.
1267 3084 1288 3150 l)
1315 3086 1346 3140 iu
1370 3100 1390 3153 g
1415 3084 1500 3141 addit
1523 3100 1601 3143 man.
1625 3102 1684 3144 rec.

363 3184 496 3253 mortique
518 3185 622 3239 locutu
650 3214 682 3222 -
707 3188 760 3241 953
783 3185 880 3239 lineo
906 3183 1010 3290 (blena)
1044 3211 1076 3219 -
1105 3184 1157 3236 954
1179 3182 1337 3251 uqicipitg
1363 3212 1398 3219 -
1426 3186 1478 3238 955
1501 3184 1623 3253 ipeomo
1649 3215 1684 3224 -

365 3312 417 3366 958
431 3310 705 3378 oeruummotqaelru
722 3312 964 3375 commotqwgc
976 3259 1048 3375 lddbel
1062 3307 1150 3375 leperu
1166 3306 1463 3376 toluacbnoctegc-
1478 3309 1684 3378 959511ωο-

365 3409 602 3476 96211utroutq1oe
616 3423 644 3461 ur
668 3410 729 3475 (que
747 3407 805 3461 del.
826 3406 912 3469 corr.)
937 3434 970 3442 «-
994 3407 1046 3458 964
1065 3404 1249 3473 1191919963
1266 3404 1446 3459 mbatduntu
1472 3436 1503 3443 -
1529 3409 1580 3461 967
1605 3409 1684 3477 effec-

365 3505 476 3575 tdsqacl
493 3508 646 3575 effectusque
659 3520 687 3559 111
709 3533 740 3541 -
759 3506 811 3558 968
835 3503 920 3572 Quia
937 3517 1057 3569 urcemg
1076 3530 1108 3538 -
1126 3504 1178 3556 969
1194 3506 1367 3571 octotropoco
1384 3503 1481 3571 qttodo
1501 3503 1684 3577 subscriptio

365 3604 448 3659 nulla
470 3604 501 3659 iu
525 3603 536 3657 l
566 3604 652 3671 ceptio
674 3590 710 3656 ui
733 3602 791 3658 ecda
812 3599 930 3669 prosatio
952 3600 1015 3654 libii
1038 3600 1113 3653 tertii
1136 3615 1155 3668 g
1184 3599 1224 3653 Μ.
1245 3598 1347 3654 Manlii
1369 3600 1456 3655 Boeni
1475 3602 1685 3661 Aaronomooa

364 3704 431 3759 liber
449 3703 488 3758 II
502 3703 611 3772 eplicit
627 3701 715 3769 felicit
732 3700 827 3768 incipit
847 3698 945 3753 tertiae
958 3713 986 3751 111
1006 3695 1097 3765 (maj.)
1117 3712 1160 3767 u2.
