4134 5834
849 621 935 679 Iubet
954 621 988 678 V.
1024 624 1175 681 333-333.

519 839 664 904 carmina
686 838 807 903 furtiuo
831 838 1014 904 modulatus
1037 860 1202 905 murmure
1225 861 1340 906 uocem

518 947 606 1012 solus
629 953 661 1011 et
683 947 751 1032 ipae
774 967 850 1011 suas
873 967 1001 1033 semper
1023 947 1169 1013 cantabit
1191 948 1231 1012 ad
1256 969 1360 1012 aures.

463 1050 595 1120 33313133
618 1049 762 1116 3113133313
786 1051 860 1136 lyra
882 1072 966 1134 quae
989 1072 1116 1117 cornua
1139 1052 1235 1118 ducet
1258 1053 1302 1118 ad
1326 1057 1418 1118 33133

465 1184 506 1227 343
520 1160 598 1247 quid
620 1160 753 1244 regione
776 1182 880 1246 nepae
903 1161 958 1226 uix
981 1165 1090 1247 partes
1113 1167 1185 1227 3313
1209 1161 1366 1227 trahentis

518 1289 577 1333 ara
599 1267 682 1332 ieret
703 1268 783 1333 turis
807 1268 907 1333 stellis
929 1268 1131 1334 imitantibus
1154 1270 1263 1354 ignem
1287 1303 1329 1316 -

517 1376 550 1439 in
575 1397 639 1460 qua
662 1375 771 1440 deuoti
794 1375 956 1461 quondam
981 1375 1127 1441 cecidere
1150 1376 1312 1461 gigantem

517 1504 577 1547 nec
599 1482 690 1567 priua
709 1483 850 1547 armauit
872 1482 1013 1548 uiolento
1036 1482 1172 1548 fulmine
1196 1483 1341 1548 dextram

516 1588 670 1675 Iuppiter,
695 1596 769 1655 ante
793 1589 870 1655 deos
893 1602 992 1676 quam
1015 1590 1158 1655 constitit
1180 1589 1249 1676 ipse
1272 1590 1433 1671 sacerdos,
1458 1624 1501 1637 -

380 1765 382 1768 .
462 1719 503 1763 343
517 1696 594 1781 quid
617 1697 724 1783 potius
745 1697 871 1783 fingens
894 1703 994 1777 ortus,
1017 1718 1116 1783 quam
1140 1697 1260 1783 templa
1283 1698 1417 1763 colentis

517 1809 613 1889 atque
635 1809 818 1870 auctoratos
841 1805 873 1870 in
898 1805 993 1869 tertia
1014 1805 1087 1870 iura
1109 1805 1273 1870 ministros

516 1912 729 1997 diuorumque
753 1934 845 1978 sacra
869 1913 1054 1978 uenerantis
1078 1913 1211 1978 numina
1233 1933 1323 1994 3333,

515 2040 619 2104 paene
642 2020 730 2099 deos,
754 2026 787 2085 et
808 2021 863 2107 qui
886 2020 1011 2105 possint
1033 2026 1172 2086 uentura
1193 2020 1327 2086 uidere?

515 2133 667 2213 quattuor
689 2128 844 2213 appositis
868 2133 1041 2193 centaurus
1064 2128 1209 2213 partibus
1232 2128 1325 2193 311331

461 2257 502 2300 aso
515 2234 622 2299 sidera
645 2240 678 2298 31
699 2256 740 2299 ex
761 2235 832 2320 ipso
855 2256 962 2301 mores
985 2236 1192 2300 nascentibus
1215 2235 1313 2300 addit.

515 2348 571 2406 aut
594 2342 731 2407 stimulis
755 2342 891 2425 agitabit
912 2364 994 2408 onus
1018 2341 1199 2428 mixtosque
1221 2341 1347 2427 iugabit

513 2450 637 2513 semine
660 2449 895 2535 quadrupedes,
920 2456 976 2514 aut
999 2471 1095 2516 curru
1118 2450 1235 2515 celsior
1255 2449 1325 2531 ibit,

515 2562 571 2620 aut
593 2557 740 2622 onerabit
762 2577 862 2643 equos
885 2558 994 2638 amris,
1019 2564 1075 2623 aut
1098 2558 1194 2623 ducet
1216 2558 1249 2622 iu
1272 2578 1373 2621 arma.

513 2664 568 2728 ille
590 2670 679 2730 tenet
702 2665 844 2730 medicas
867 2672 953 2731 artes
975 2665 1016 2731 ad
1041 2666 1187 2731 membra
1209 2666 1353 2731 ferarum

460 2792 501 2838 333
515 2777 547 2834 31
569 2792 633 2836 nou
656 2771 783 2837 auditos
807 2778 970 2837 mutarum
992 2773 1106 2838 tollere
1129 2773 1269 2838 morbos.

514 2878 574 2942 hoc
598 2885 646 2942 331
670 2879 747 2943 33113
770 2901 861 2964 opus,
885 2901 949 2945 non
974 2885 1160 2964 exspectare
1183 2878 1342 2965 gementis

514 2989 546 3048 et
568 2984 628 3050 sibi
651 3005 716 3049 non
739 3006 874 3070 aegrum
895 2986 959 3051 iam
984 2986 1106 3051 dudum
1129 2985 1260 3051 eredere
1284 3006 1409 3073 corpus.

566 3091 651 3157 bunc
674 3093 760 3158 subit
783 3093 974 3173 arcitenens,
998 3094 1090 3159 euius
1114 3114 1189 3180 pars
1211 3092 1323 3178 quinta
1345 3094 1501 3157 nitentem

511 3205 677 3265 arcturum
699 3199 843 3267 ostendit
860 3206 976 3287 pont03
1000 3222 1064 3287 quo
1088 3205 1234 3286 tempore
1257 3200 1340 3265 natis

457 3306 642 3372 3331331333
663 3308 735 3394 ipsa
758 3331 833 3374 suos
856 3310 954 3375 audet
976 3310 1176 3374 committere
1200 3329 1325 3389 census,

509 3414 626 3500 regalis
650 3421 685 3480 ut
707 3437 785 3503 opes
808 3423 841 3482 et
863 3423 974 3483 sancta
997 3417 1123 3483 aeraria
1146 3420 1287 3496 seruent,

510 3528 684 3606 3333333133
706 3523 766 3590 sub
789 3546 866 3611 3333
889 3547 947 3591 auo
970 3542 1144 3611 rerumque
1167 3523 1314 3603 ministri,

457 3734 509 3790 336
527 3735 671 3792 33331331
688 3737 806 3793 :mine
822 3753 842 3807 3
865 3738 949 3805 (3333.
969 3752 1073 3796 marrus
1090 3736 1118 3802 3)
1138 3739 1262 3794 carmine
1278 3751 1329 3791 ruo
1349 3763 1381 3773 —
1401 3735 1452 3789 331
1471 3729 1655 3787 3331333133

350 3831 459 3886 33133313
476 3845 562 3886 m-
586 3834 639 3888 333
658 3830 758 3901 Η3Ι131
782 3835 825 3890 1313
842 3851 863 3886 to
887 3836 1006 3891 31313313
1025 3835 1088 3906 lyra
1110 3853 1172 3891 cum
1190 3833 1256 3905 para
1274 3834 1403 3889 3413331333
1423 3834 1501 3887 reate
1519 3830 1657 3884 3133133333

349 3933 441 3998 carcat
450 3946 519 3998 quac
526 3932 1176 4051 3333333ωᾱχ34331331331333(333333113333333133
1186 3927 1304 4001 3333313
1314 3926 1480 3994 41331133)-
1491 3928 1543 3982 340
1555 3927 1657 3995 neriam

349 4053 420 4121 33331
428 4051 438 4107 l
455 4055 541 4123 33133
555 4054 673 4126 3333331
681 4072 805 4125 pausam
819 4059 887 4125 pari
899 4050 1656 4128 313333331131333133333311333]-3411333333

350 4151 527 4208 333333-
546 4154 600 4209 343
618 4135 742 4222 dardi
767 4156 864 4211 carra
880 4170 962 4209 m-
986 4156 1039 4210 344
1057 4156 1206 4225 ruperam
1230 4151 1454 4221 3333333-
1480 4152 1532 4206 343
1550 4151 1655 4219 aare

349 4250 452 4320 3333331
469 4252 750 4308 33133333133313313
769 4254 944 4322 3313311333]
965 4281 998 4291 -
1020 4237 1654 4320 3473333331131333333313333333333-

350 4348 403 4403 348
425 4366 496 4418 pene
512 4362 530 4403 3
548 4351 657 4419 possint
674 4365 702 4405 m
728 4376 761 4388 -
780 4352 833 4407 349
851 4330 1011 4420 3113331113]
1034 4352 1098 4421 adp.
1111 4365 1145 4415 m
1168 4354 1332 4418 3331333433
1354 4380 1388 4391 -
1410 4349 1462 4404 350
1484 4346 1654 4404 ridcrolme

264 4480 266 4483 .
348 4446 477 4514 31313333
509 4445 646 4503 morelru
679 4463 820 4518 33333333
853 4438 1653 4519 333333-331331133311331333131(33113311

352 4542 429 4599 Vrat.
452 4542 529 4610 coll.)
558 4546 615 4617 333
636 4547 754 4601 mamis
775 4560 816 4614 33
848 4546 1056 4616 3313κί13333
1077 4562 1105 4601 1n
1138 4549 1288 4617 mabsara
1309 4562 1328 4616 3
1357 4547 1510 4614 marcoque
1530 4542 1597 4599 lem
1618 4576 1653 4585 -

350 4641 402 4697 333
420 4643 629 4713 3333333333
653 4659 770 4713 arsag
792 4659 923 4699 amo
942 4672 975 4681 -
994 4645 1048 4700 eea
1065 4628 1214 4701 matti
1235 4645 1360 4701 aemi
1374 4658 1403 4698 m
1426 4643 1600 4710 33333333
1621 4671 1653 4680 -

350 4739 403 4794 334
420 4741 611 4810 3333333333
628 4774 661 4783 -
679 4742 919 4798 33333313ωηί3
936 4771 969 4780 -
987 4743 1449 4813 33333333333333331333-
1467 4741 1653 4811 3373333333

350 4852 521 4905 33333333-
540 4839 719 4895 3381133333
737 4837 906 4895 3333131331
923 4841 1135 4914 33331133133333
1150 4855 1245 4912 parm
1260 4869 1296 4881 -
1314 4823 1653 4905 33933313133311333

350 4936 471 5002 3311333
484 4964 517 4974 -
531 4937 582 4992 361
593 4926 920 5009 rcyaljslopsislopuam
931 4936 1295 5009 333133333131333331133
1308 4966 1340 4975 -
1354 4927 1651 5007 3613ῳᾷ313333333.
