4134 5834
805 648 890 705 biber
910 648 942 705 11.
979 650 1130 719 stu-asi.

472 889 597 953 quaeue
621 867 741 932 iacent:
767 887 885 932 cancer
907 868 1052 952 patulam
1077 868 1235 934 distentus
1259 869 1292 933 in
1317 870 1438 953 aluum,

472 976 615 1060 scorpios
637 976 828 1041 incumbens
851 976 948 1060 plano
972 977 1032 1041 sub
1057 982 1186 1062 pectora
1210 982 1327 1058 terrae,

418 1107 458 1150 sar
472 1085 505 1148 in
528 1084 612 1147 latus
636 1083 757 1168 obliqui
779 1084 885 1168 pisces
908 1104 1101 1169 semperque
1122 1085 1275 1149 iacentes.

523 1191 638 1276 quodsi
661 1191 782 1255 sollerti
807 1190 1027 1276 circumspicis
1052 1192 1161 1256 omnia
1184 1213 1271 1273 cura,

473 1299 623 1363 fraudata
646 1298 792 1364 inuenies
815 1299 942 1363 amissis
964 1299 1073 1363 sidera
1095 1298 1259 1365 membris.

471 1407 613 1491 scorpios
636 1407 669 1470 in
693 1407 777 1471 libra
800 1407 960 1471 consumit
982 1407 1145 1488 bracchia,
1169 1414 1280 1472 taurus

473 1514 609 1579 succidit
630 1515 664 1578 in
688 1535 787 1579 curuo
812 1514 946 1578 claudus
969 1514 1062 1600 pede,
1087 1515 1211 1580 lumina
1234 1536 1351 1580 cancro

420 1645 461 1687 suo
474 1623 600 1697 desunt,
624 1629 779 1687 centauro
803 1627 950 1707 superest
972 1627 1004 1685 et
1027 1624 1195 1708 quaeritur
1217 1644 1328 1688 unum.

474 1730 519 1793 sic
544 1736 670 1795 nostros
694 1750 788 1794 casus
811 1730 935 1794 solatur
957 1730 1098 1795 mundus
1122 1732 1153 1795 in
1179 1732 1273 1795 astris

475 1837 687 1922 exemploque
710 1837 805 1901 docet
827 1836 988 1923 patienter
1010 1837 1130 1902 damna
1152 1838 1270 1917 subire,

475 1946 579 2009 omnis
603 1966 676 2008 oum
702 1945 790 2009 caelo
814 1944 962 2009 fortunae
986 1945 1127 2030 pendeat
1148 1946 1237 2027 ordo,

474 2054 609 2138 ipsaque
632 2053 793 2119 debilibus
817 2053 997 2116 formentur
1020 2053 1128 2118 sidera
1151 2054 1315 2118 membris.

422 2185 461 2226 aar
529 2161 728 2247 temporibus
752 2181 879 2246 quoque
903 2168 977 2225 sunt
1001 2163 1139 2246 propriis
1162 2162 1316 2247 pollentia
1339 2164 1447 2245 sigua:

476 2274 582 2333 aestas
606 2290 624 2333 a
649 2269 796 2354 geminis,
822 2274 996 2333 autumnus
1019 2269 1147 2354 uirgine
1170 2269 1283 2354 surgit,

476 2377 591 2442 bruma
616 2377 805 2461 sagittifero,
832 2397 889 2441 uer
911 2376 1054 2462 piscibus
1078 2377 1191 2462 incipit
1214 2397 1294 2441 esse.

476 2490 628 2569 quattuor
652 2485 684 2548 in
708 2491 816 2569 partes
840 2482 1026 2548 scribuntur
1049 2483 1155 2548 sidera
1178 2489 1281 2556 terna,

478 2592 613 2656 hiberna
637 2593 778 2673 aestiuis,
803 2591 967 2656 autumnis
991 2612 1094 2656 uerna
1115 2599 1307 2676 repugnant.

424 2721 464 2765 sto
532 2719 590 2763 nec
614 2699 692 2763 satis
716 2707 764 2763 est
787 2699 935 2783 proprias
958 2699 1125 2783 signorum
1150 2719 1284 2764 noscere
1308 2698 1444 2779 formas3

477 2826 636 2871 consensu
659 2827 787 2892 quoque
811 2806 880 2870 iata
903 2814 1035 2870 mouent
1059 2812 1091 2870 et
1113 2805 1245 2869 foedere
1269 2805 1413 2890 gaudent

479 2919 575 2999 atque
599 2914 671 2978 aliis
694 2914 777 2977 aliae
801 2913 978 2977 succedunt
1001 2918 1087 2977 sorte
1110 2913 1255 2997 locoque.

480 3022 619 3086 circulus
642 3027 679 3085 ut
700 3022 784 3085 flexo
808 3022 974 3106 signorum
998 3020 1161 3085 clauditur
1184 3020 1272 3100 orbe,

480 3130 512 3193 in
535 3130 594 3194 tris
617 3128 763 3214 aequalis
786 3127 939 3193 discurrit
960 3128 1048 3192 linea
1072 3128 1187 3193 ductus

426 3259 466 3301 ms
479 3238 577 3322 inque
601 3235 706 3300 uicem
730 3236 883 3301 extremis
907 3236 1012 3320 iungit
1034 3256 1069 3301 se
1091 3234 1211 3300 finibus
1233 3235 1312 3320 ipsa,

481 3350 513 3407 et
536 3364 759 3429 quaecumque
783 3344 869 3423 ierit,
893 3344 1046 3408 dicumur
1069 3342 1164 3428 signa
1186 3344 1324 3429 trigona,

481 3452 514 3515 iu
539 3452 601 3515 tria
623 3452 761 3536 partitus
785 3452 871 3537 quod
894 3459 943 3516 ter
966 3451 1053 3516 cadit
1076 3450 1215 3536 angulus
1239 3456 1335 3533 astra

481 3580 565 3644 quae
588 3558 693 3623 diuisa
716 3565 848 3623 manent
870 3560 971 3623 ternis
994 3558 1148 3623 distantia
1171 3556 1282 3643 signis.

481 3665 608 3750 laniger
630 3687 670 3730 ex
693 3666 826 3751 paribus
850 3666 961 3750 spatiis
985 3666 1049 3729 duo
1074 3665 1178 3749 signa,
1202 3665 1305 3730 leonis

428 3779 579 3858 meatque
603 3774 759 3859 sagittari,
783 3773 912 3837 diuerso
937 3773 1095 3857 conspicit
1118 3778 1199 3835 ortu.

480 3881 616 3965 uirginis
640 3888 673 3946 et
695 3882 779 3945 tauri
804 3880 992 3964 capricorno
1016 3884 1173 3943 consonat
1196 3884 1328 3942 astrum.

431 4034 1638 4154 scumtmttccagcoatrauaro-rorrarptoslmtacsoerpergniffidreeg

323 4201 471 4255 corporeo
496 4214 528 4223 -
554 4182 785 4252 tobobtiqcislc
807 4216 841 4222 —
866 4178 1348 4249 antetbtquocstatdebittogm
1378 4178 1429 4234 256
1452 4179 1637 4233 »Μο-

325 4285 376 4338 ‘257
400 4282 622 4351 monbrisgl-
647 4282 864 4348 itsaempioeo
888 4313 921 4320 -
946 4271 1130 4348 tbtpdclm
1152 4276 1255 4346 pedem
1282 4276 1431 4330 meceditc
1455 4276 1580 4331 macrio
1605 4305 1638 4314 -

325 4384 379 4436 260
396 4383 623 4436 asiam-261
644 4382 775 4433 nostem
794 4375 1251 4444 —isstpoeienturmdcpncm
1270 4376 1371 4429 -264
1390 4373 1639 4468 mosbrisglm-i-

325 4480 394 4535 ante
407 4481 460 4533 265
477 4496 545 4548 quoe
560 4475 836 4532 ucrnctiooestiuotio
851 4474 1192 4543 automnalicbicmotiog
1210 4489 1239 4527 m
1257 4473 1402 4541 (catiactic)
1417 4501 1450 4510 —
1468 4471 1638 4542 wimint-

324 4577 411 4647 sorel
434 4578 483 4632 uir
499 4592 526 4631 m
547 4603 580 4615 -
600 4577 652 4630 ‘26ss
671 4574 787 4642 pcrtcsl
808 4567 897 4642 part‘b
914 4588 933 4641 g
948 4572 1037 4641 portis
1054 4585 1083 4626 m
1104 4575 1172 4625 terre
1191 4570 1233 4624 lm
1254 4599 1286 4607 —
1306 4571 1375 4624 ante
1392 4571 1445 4624 270
1462 4586 1530 4637 (μαι
1547 4586 1640 4623 comm

326 4674 642 4742 datrocotsinistrcg
659 4688 725 4742 qrtoc
737 4674 957 4726 muctarem
970 4686 1020 4723 aas
1032 4684 1060 4723 m
1076 4698 1108 4707 -
1124 4670 1175 4722 272
1193 4667 1246 4722 atie
1258 4682 1287 4722 nr
1305 4666 1375 4721 etiae
1387 4644 1534 4735 gcl‘iortc
1550 4682 1591 4736 gc
1606 4696 1638 4705 -

327 4775 531 4830 siccasse
562 4802 593 4809 -
622 4754 914 4838 cremamur
940 4766 1312 4835 castrametatum
1342 4793 1374 4801 -
1401 4764 1638 4835 accaronem

328 4873 487 4944 paruam
512 4900 544 4908 -
570 4868 822 4939 ‘tibiam'qcreto
847 4897 878 4904 —
904 4867 958 4920 280
980 4863 1201 4934 npitturiilgm
1224 4862 1348 4931 conspicit
1368 4861 1403 4930 lg
1425 4864 1573 4931 conspicm
1594 4862 1639 4930 (L)

329 4972 435 5042 aspice.
