4134 5834
879 608 965 665 Liber
983 608 1015 665 V.
1053 611 1203 667 645-671.

494 848 535 892 oia
549 824 686 903 nouerit,
709 824 868 890 humanos
892 830 925 889 et
945 847 1028 910 quae
1053 832 1226 891 nascantur
1248 827 1290 891 ad
1313 849 1400 892 usne.

494 956 535 999 ese
548 932 624 996 nixa
647 952 732 1017 genu
755 933 879 1017 species
902 938 935 997 et
957 930 1058 998 Graio
1081 934 1213 998 nomine
1236 934 1321 999 dicta

494 1063 534 1107 ess
548 1039 662 1104 dextra
684 1060 743 1124 per
765 1045 925 1104 extremos
949 1041 1066 1105 attollit
1088 1041 1212 1106 lumine
1234 1043 1349 1127 pisces.

547 1147 622 1211 hinc
645 1145 724 1231 fuga
746 1153 947 1230 nascentum,
970 1147 1063 1212 dolus
1086 1148 1287 1233 insidiaeque
1311 1155 1473 1232 creantur,

493 1278 534 1322 eso
548 1258 775 1339 grassatorque
798 1255 889 1320 uenit
909 1255 1050 1319 mediam
1075 1256 1268 1320 metuendus
1290 1256 1324 1321 in
1348 1257 1471 1322 urbem.

546 1367 579 1426 st
602 1362 629 1425 si
652 1362 735 1426 forte
758 1362 883 1447 aliquas
907 1363 1034 1427 animus
1058 1369 1232 1450 consurget
1254 1364 1287 1428 in
1311 1369 1406 1446 artes,

546 1470 579 1534 in
603 1474 778 1555 praerupta
800 1469 891 1535 dabit
913 1470 1054 1535 studium
1079 1471 1263 1557 uendetqne
1286 1471 1406 1557 periclo

545 1576 723 1662 ingenium,
747 1598 786 1641 aa
808 1579 917 1644 tenuis
942 1600 1039 1643 ausus
1063 1579 1133 1643 eine
1155 1579 1257 1644 limite
1280 1599 1410 1664 gressus

545 1690 634 1750 certa
656 1706 715 1770 per
737 1691 883 1751 extentos
905 1692 1005 1771 ponet
1026 1685 1165 1772 uestigia
1188 1687 1283 1752 funes
1387 1768 1389 1772 Ι

490 1828 531 1871 555
545 1799 577 1857 et
600 1793 681 1858 caeli
703 1793 876 1858 meditatus
898 1794 960 1859 iter
984 1792 1121 1880 uestigia
1144 1794 1257 1879 perdet

545 1924 650 1989 paene
673 1924 733 1967 sua
754 1909 787 1966 et
808 1901 954 1987 pendens
976 1902 1132 1987 populum
1155 1901 1331 1987 suspendet
1353 1901 1393 1965 ab
1416 1900 1497 1986 ipso.

543 2011 640 2075 laeua
662 2010 721 2076 sub
745 2010 896 2075 extremis
920 2016 1119 2095 consurgunt
1142 2009 1248 2074 sidera
1271 2008 1334 2073 aeti

544 2118 686 2205 piscibus
708 2117 951 2182 Andromedam
975 2122 1073 2202 ponto
1098 2117 1253 2202 caeloque
1276 2116 1448 2201 sequentis.

544 2226 605 2290 hoc
629 2224 729 2289 trahit
750 2225 784 2289 in
807 2225 914 2311 pelagi
938 2224 1054 2289 caedes
1077 2229 1111 2288 et
1132 2225 1269 2290 uulnera
1293 2229 1385 2289 natos

488 2355 530 2400 eso
544 2333 740 2418 squamigeri
764 2333 886 2419 gregis:
911 2332 1049 2396 extentis
1072 2332 1225 2417 laqueare
1248 2331 1446 2417 profundum

543 2440 666 2505 retibus
689 2445 722 2503 et
743 2445 878 2525 pontum
901 2439 1018 2503 uinclis
1042 2460 1169 2504 armare
1192 2438 1363 2504 furentem.

543 2554 576 2612 et
598 2547 689 2611 uelut
710 2547 745 2611 in
768 2546 842 2612 laxo
866 2567 997 2612 securas
1020 2566 1161 2631 aequore
1184 2546 1305 2632 phocas

544 2653 727 2719 carceribus
748 2654 901 2719 claudent
923 2654 1007 2718 raris
1030 2659 1063 2717 et
1086 2653 1240 2739 compede
1264 2659 1402 2719 nectent.

541 2761 753 2846 incautosque
775 2761 905 2826 trahent
927 2760 1109 2826 facularum
1133 2761 1256 2826 lumine
1278 2761 1432 2848 thynnos3

488 2892 528 2934 ees
542 2890 603 2933 nec
626 2869 750 2954 cepisse
774 2874 824 2934 set
846 2874 909 2948 est3
932 2869 1097 2933 luctentur
1120 2889 1255 2953 corpora
1277 2868 1371 2933 nodis

543 2981 794 3061 exspectantque
818 2997 921 3041 nouas
944 2976 1030 3040 acies
1053 2976 1205 3060 ferroque
1227 2982 1395 3058 necantur,

540 3082 746 3168 inficiturque
770 3104 827 3147 suo
851 3084 1028 3170 permixtus
1053 3081 1211 3167 sanguine
1233 3088 1360 3167 pontus.

541 3199 610 3255 tum
634 3212 771 3276 quoque,
797 3213 870 3255 cnm
895 3197 960 3256 toto
984 3192 1154 3255 iacuerunt
1176 3189 1269 3253 litore
1292 3189 1442 3279 praedae,

542 3298 644 3362 altera
666 3298 703 3362 fit
726 3298 835 3362 caedis
859 3299 989 3377 caedes3
1013 3298 1204 3363 scinduntur
1226 3297 1260 3362 iu
1284 3303 1372 3362 artus

487 3428 527 3471 ero
542 3426 688 3491 corpora,
712 3411 743 3469 et
766 3427 806 3469 ex
829 3426 893 3469 uno
917 3406 1028 3469 uarius
1051 3404 1236 3469 discribitur
1258 3425 1345 3468 usus.

541 3512 596 3576 illa
619 3512 702 3577 datis
726 3513 841 3577 melior
864 3512 948 3576 sucis
971 3533 1056 3597 pars,
1081 3511 1137 3575 illa
1160 3512 1306 3592 retentis3

486 3735 539 3789 645
557 3732 676 3789 hamone
693 3733 769 3790 sedo
787 3734 892 3804 psam
910 3751 1010 3804 qcsoeo
1027 3737 1203 3789 maantoro
1221 3733 1257 3788 ad
1274 3735 1467 3789 osec-646
1484 3736 1652 3791 ero—647
1669 3742 1696 3789 et

379 3830 530 3900 eonmslgc
548 3835 699 3902 etqonoem
717 3832 908 3902 inpus'eslolm
925 3832 1108 3902 inposicologc
1125 3831 1228 3887 uideo
1243 3829 1694 3902 eabofipiaeconatotosscholion

380 3944 483 3985 versus
502 3930 597 3985 instar
616 3931 769 4001 scriptum)
790 3960 823 3970 -
843 3934 896 3987 649
913 3923 1045 3986 creditor]
1064 3932 1173 3986 creatur
1185 3945 1214 3985 m
1233 3932 1360 3985 creantur
1373 3943 1415 3998 gc
1433 3957 1465 3965 -
1480 3931 1533 3985 656
1546 3928 1663 3985 mediam
1677 3945 1695 3985 o

380 4036 492 4093 otenl
518 4036 605 4091 orben
618 4053 646 4092 nr
673 4068 704 4075 -
732 4041 783 4095 651
803 4040 923 4093 animoc
952 4040 1062 4093 animae
1079 4055 1101 4090 ω
1117 4010 1158 4094 sqq
1171 4036 1283 4107 ooopitl
1310 4036 1432 4105 casasrps't
1447 4051 1466 4104 g
1490 4035 1627 4105 mercipit
1642 4051 1694 4092 cm

378 4124 473 4189 artie}
491 4138 590 4189 arose
608 4138 678 4191 artie
690 4151 742 4205 gin
768 4165 801 4173 -
825 4137 878 4192 652
896 4131 1064 4206 ainiietqaal
1087 4138 1226 4206 uiacctqoc
1238 4150 1279 4204 gc
1301 4134 1445 4203 uiodetqae
1458 4149 1486 4189 m
1507 4163 1540 4171 —
1560 4136 1614 4190 653
1631 4150 1694 4190 eoo

379 4221 491 4287 maisi
508 4236 624 4289 antioc
639 4261 670 4273 —
684 4236 737 4289 654
748 4234 904 4289 eadnctoso
916 4234 1024 4303 ponito
1040 4233 1167 4303 faceelg
1181 4232 1309 4301 finenem
1324 4260 1356 4269 -
1370 4234 1422 4287 655
1436 4230 1570 4286 mediatae
1581 4233 1693 4287 interm

376 4330 502 4398 perdeto
532 4359 565 4367 -
593 4333 645 4386 656
667 4335 694 4385 et
710 4347 816 4399 penem
839 4335 898 4387 eto
927 4333 964 4399 (et
980 4330 1076 4402 pen-etit
1097 4331 1246 4401 dependens
1263 4332 1310 4401 u2)
1334 4329 1462 4399 peridem
1485 4345 1502 4386 o
1528 4321 1694 4398 oispenditl

377 4428 546 4498 suspenditg
562 4428 701 4497 sospoidct
714 4444 763 4484 cm
780 4429 870 4497 ipseo
885 4457 916 4466 -
930 4432 981 4485 657
995 4432 1139 4485 aebcmio
1157 4463 1190 4472 -
1206 4432 1258 4485 659
1270 4429 1368 4485 cadeso
1385 4409 1523 4495 bidoerol
1539 4427 1652 4483 bodam
1663 4442 1692 4483 m

377 4530 452 4581 actos
469 4541 485 4580 ο
505 4556 537 4563 -
557 4529 608 4582 661
629 4534 806 4595 coessentemc
824 4556 859 4564 -
878 4530 931 4583 666
948 4528 1021 4596 foces
1033 4527 1067 4583 lc
1085 4557 1118 4565 -
1136 4530 1188 4584 663
1206 4527 1358 4583 elaeodeato
1375 4531 1485 4582 nectent
1496 4527 1539 4581 ln]
1559 4529 1694 4581 amate

378 4628 511 4692 naontg
525 4654 556 4661 -
571 4627 624 4680 664
638 4620 746 4680 trabdtl
764 4617 935 4682 nttuamml
955 4626 1105 4681 medonem
1116 4641 1144 4681 m
1162 4626 1329 4680 eracemum
1339 4640 1380 4694 gc
1396 4623 1525 4681 obmiocl
1542 4624 1692 4680 nominem

377 4723 490 4778 crimine
503 4737 542 4791 gc
563 4723 699 4777 tbinnoso
718 4752 749 4759 -
768 4725 820 4778 665
832 4723 933 4778 nobisc
952 4754 983 4761 -
1001 4727 1053 4780 666
1066 4729 1283 4794 espectaatqoeo
1302 4752 1334 4761 -
1353 4726 1404 4780 667
1420 4722 1532 4791 scitquic
1544 4737 1574 4776 m
1586 4714 1694 4791 pdtasl

374 4825 455 4890 pose
468 4836 495 4875 m
515 4850 549 4856 -
568 4823 622 4876 eea
642 4824 725 4875 aaa
743 4837 843 4889 qiam
855 4819 900 4876 lm
921 4825 1004 4877 otum
1022 4840 1081 4877 eum
1102 4826 1153 4877 oo
1166 4836 1207 4890 ge
1226 4850 1255 4859 -
1277 4824 1329 4878 oea
1347 4821 1439 4875 Azara
1454 4802 1483 4842 a
1495 4818 1588 4898 escol
1606 4820 1694 4876 actm

376 4919 414 4974 eie
431 4918 519 4973 coedis
532 4935 559 4973 m
580 4946 612 4955 -
632 4921 685 4975 6ῖο
703 4933 845 4987 corporeo
864 4919 1019 4975 discribitur
1032 4935 1060 4974 rn
1079 4918 1239 4975 describitur
1252 4936 1273 4969 ω
1293 4948 1326 4957 -
1346 4922 1397 4976 671
1417 4915 1595 4974 recentislm.
