4134 5834
828 614 915 673 biber
934 615 954 671 l.
991 617 1142 672 435-466.

352 817 354 820 ’
435 857 476 901 405
491 835 653 899 intentans
676 853 820 897 morsum
845 832 957 897 similis
981 834 1047 896 iam
1071 833 1201 917 iamque
1225 832 1356 910 tenenti,

493 941 598 1027 qualis
622 941 663 1004 ad
687 941 852 1026 expositae
876 941 978 1004 fatum
1003 939 1186 1025 Cepheidos
1206 940 1301 1003 undis

492 1049 615 1135 expulit
639 1049 815 1113 adueniens
839 1049 924 1112 ultra
948 1070 1007 1112 sua
1031 1049 1125 1112 litora
1149 1056 1292 1133 pontum.

389 1139 391 1142 V
482 1165 561 1221 tum
586 1158 691 1232 nutius
716 1157 812 1241 piscis
837 1158 924 1220 uenti
949 1157 989 1219 de
1014 1158 1144 1220 nomine
1168 1157 1272 1219 dictus

493 1266 620 1349 exurgit
644 1266 684 1328 de
708 1272 799 1349 parts
822 1266 905 1341 noti3
930 1264 981 1328 cui
1006 1263 1116 1327 iuncta
1139 1264 1287 1327 feruntur

437 1395 478 1435 440
493 1373 575 1436 flexa
600 1394 657 1457 per
680 1373 821 1456 ingentis
845 1372 1010 1435 stellarum
1034 1371 1170 1434 flumina
1194 1393 1298 1456 gyros.

493 1479 625 1543 alterius
649 1480 747 1564 capiti
771 1480 938 1564 coniungit
960 1479 1115 1563 aquarius
1139 1478 1241 1542 undas

493 1588 607 1670 amuis,
632 1594 663 1651 et
687 1587 720 1651 in
744 1588 887 1651 medium
911 1593 1028 1651 coeunt
1052 1594 1084 1650 et
1108 1586 1214 1650 sidera
1238 1587 1382 1650 miscent.

546 1696 595 1759 his
619 1696 704 1758 inter
727 1696 867 1779 solisque
892 1696 961 1758 uias
985 1700 1156 1779 arctasque
1180 1694 1309 1758 latentis

496 1821 594 1864 arcem
617 1820 700 1880 qnae
724 1799 844 1864 incudi
867 1798 1063 1863 stridentem
1082 1798 1230 1881 paudere
1255 1804 1417 1881 torquent,

440 1932 480 1975 445
494 1911 571 1973 orbe
595 1911 766 1995 peregrino
791 1911 916 1974 caelum
940 1909 1126 1994 depingitur
1148 1911 1253 1988 astris,

494 2038 578 2101 quae
602 2017 691 2080 notia
714 2017 839 2102 antiqui
862 2017 1013 2080 dixerunt
1036 2017 1144 2081 sidera
1167 2028 1269 2081 uates.

493 2124 607 2188 ultima
630 2146 714 2209 quae
737 2125 857 2188 mundo
883 2146 1011 2210 semper
1034 2126 1211 2212 uoluuntur
1234 2126 1267 2189 in
1291 2126 1367 2206 imo,

492 2232 564 2317 quis
588 2231 698 2296 innixa
722 2240 855 2296 manent
878 2233 958 2296 caeli
982 2232 1142 2316 fulgentia
1165 2232 1297 2318 templa,

494 2361 654 2425 nusquam
679 2340 711 2403 in
736 2346 944 2425 conspectum
968 2341 1138 2404 redeuntia
1163 2341 1293 2404 cardine
1317 2362 1412 2405 uerso

441 2470 482 2511 450
496 2447 642 2512 sublimis
666 2448 806 2533 speciem
830 2448 942 2512 mundi
968 2448 1147 2533 similisque
1170 2448 1290 2533 figuras

496 2561 656 2619 astrorum
680 2555 834 2620 referunt.
880 2563 913 2619 et
934 2578 1047 2620 uersas
1070 2556 1230 2620 frontibus
1255 2561 1360 2620 arctos

497 2683 560 2726 uuo
585 2663 740 2748 distingui
765 2664 888 2729 medias
912 2664 1084 2748 claudique
1108 2664 1248 2728 dracoue

498 2757 659 2835 credimus
683 2773 840 2856 exemplo.
889 2773 1038 2856 quamuis
1062 2771 1221 2856 fugientia
1245 2772 1333 2835 uisus

496 2875 582 2941 huuc
606 2879 717 2943 orbem
742 2879 823 2942 caeli
847 2881 1001 2944 uertentis
1026 2880 1133 2944 sidera
1157 2901 1252 2943 cursu

444 2984 630 3049 smcardiue
654 2993 719 3050 tam
744 2986 840 3050 simili
864 2986 980 3050 fultum
1005 3008 1102 3072 qnam
1127 2987 1249 3050 uertice
1273 2987 1419 3071 pingunt.

551 3091 631 3157 haec
654 3094 754 3177 igitur
776 3115 895 3175 magno
919 3093 1040 3158 diuisas
1064 3094 1195 3158 aethere
1219 3092 1311 3157 sedes

498 3200 591 3283 signa
615 3207 726 3266 tenent
748 3201 862 3265 mundi
886 3207 988 3267 totum
1014 3201 1152 3265 deducta
1174 3222 1233 3286 per
1256 3201 1376 3264 orbem.

497 3314 531 3371 tu
556 3309 652 3372 modo
676 3309 840 3394 corporeis
864 3310 976 3374 similis
1001 3331 1041 3373 ne
1065 3330 1184 3394 quaere
1207 3309 1340 3392 figuras,

498 3417 607 3480 omnia
631 3422 666 3480 ut
690 3417 818 3501 aequali
842 3417 1001 3501 fulgentia
1024 3418 1170 3481 membra
1195 3417 1300 3481 colore

444 3543 486 3584 400
499 3520 629 3587 deficiat
651 3524 733 3588 nihil
757 3532 813 3589 aut
836 3545 976 3589 uacuum
1000 3547 1065 3610 qua
1088 3509 1210 3589 lumine
1234 3532 1346 3590 cesset.

499 3651 562 3693 non
586 3633 705 3716 poterit
727 3634 868 3697 mundus
892 3634 1027 3698 sufferre
1050 3633 1199 3698 incendia
1222 3639 1322 3711 tanta,

499 3738 609 3802 omnia
632 3740 659 3803 si
682 3740 787 3825 plenis
811 3741 971 3805 ardebunt
995 3742 1101 3805 sidera
1124 3741 1286 3805 membris.

498 3844 651 3930 quicquid
676 3847 829 3911 subduxit
852 3849 991 3911 flammis
1014 3854 1131 3911 natura
1155 3848 1299 3932 pepercit

500 3952 707 4018 succubitura
730 3955 832 4037 oneri,
857 3957 978 4019 formas
1002 3955 1188 4039 disiungere
1212 3960 1335 4019 tantum

446 4080 487 4121 465
501 4066 652 4124 contenta
677 4068 708 4125 st
732 4063 832 4126 stellis
855 4062 1026 4127 ostendere
1051 4062 1158 4126 sidera
1181 4063 1286 4126 certis.

500 4166 587 4231 linea
610 4168 759 4254 designat
782 4170 916 4255 species,
942 4178 1038 4256 atque
1062 4169 1191 4254 ignibus
1214 4171 1305 4254 ignee

448 4363 500 4417 435
522 4364 681 4419 inuentam
700 4380 728 4420 m
752 4382 843 4420 morsu
867 4366 878 4421 l
902 4383 1021 4421 morsiam
1045 4380 1064 4435 g
1085 4365 1200 4421 similem
1223 4383 1341 4420 morsum
1362 4382 1389 4422 m
1420 4398 1453 4406 -
1476 4369 1528 4422 438
1554 4370 1616 4420 tnnc
1635 4379 1654 4433 g

340 4457 493 4514 nottiralc
514 4490 547 4498 -
566 4463 618 4516 439
637 4463 774 4531 arurpitc
792 4471 919 4519 0040000400
940 4495 973 4503 -
991 4468 1046 4520 440
1064 4465 1221 4533 inpensum
1238 4464 1340 4532 pirosa
1358 4494 1388 4502 -
1405 4469 1453 4519 441
1475 4464 1588 4519 alterius
1603 4479 1652 4532 gm

340 4556 477 4612 000400]
496 4559 591 4628 capri}
611 4560 702 4626 ruat.
717 4560 795 4628 eon.)
810 4592 839 4599 -
857 4564 909 4617 443
928 4563 1043 4617 uranus
1058 4578 1075 4619 ο
1089 4592 1122 4599 -
1136 4562 1188 4616 440
1207 4561 1284 4615 nuta
1297 4576 1326 4616 m
1344 4562 1467 4628 trostug
1488 4541 1598 4617 scelti
1619 4591 1651 4599 -

341 4658 392 4709 447
412 4655 545 4712 4000000
562 4658 692 4727 rubentia
710 4661 819 4729 009000
836 4690 868 4698 -
888 4663 939 4715 449
958 4660 1148 4729 emsapectuml
1165 4666 1305 4728 casaperta
1318 4674 1370 4728 gm
1388 4689 1418 4695 -
1433 4658 1486 4712 450
1503 4659 1600 4727 species
1613 4676 1654 4728 gc

342 4751 363 4817 (l
376 4751 455 4809 Vrat.
466 4754 543 4822 coll.)
555 4756 712 4823 specimtlm
729 4758 880 4828 similisqm
896 4758 1073 4825 similesqaeu
1090 4787 1120 4794 -
1136 4760 1188 4812 453
1201 4758 1359 4828 fulpmtiao
1378 4786 1410 4794 —
1427 4758 1479 4811 455
1488 4758 1606 4827 pinpitc
1621 4785 1652 4797 -

343 4852 396 4904 458
414 4853 511 4907 mutilis
524 4869 551 4909 m
573 4884 605 4892 -
625 4856 676 4909 459
695 4857 770 4910 004400Ι
787 4861 839 4910 aret
856 4856 887 4910 10
910 4856 970 4910 onir
986 4860 1019 4908 ut
1035 4872 1053 4922 g
1072 4859 1104 4909 001
1122 4871 1193 4911 corr.
1209 4872 1243 4911 cx
1263 4859 1352 4910 autur
1374 4885 1405 4893 -
1427 4857 1479 4911 4430
1497 4861 1552 4911 eto
1571 4869 1654 4926 quae

341 4949 446 5005 cassita
467 4980 499 4988 -
518 4955 569 5006 444
589 4953 761 5008 srsbenbiturc
774 4954 805 5010 10
824 4956 994 5009 sircrubitura
1007 4970 1071 5023 gru.
