4134 5834
803 624 889 683 Liber
907 625 941 683 ll.
978 627 1129 683 auo-458.

415 868 456 908 433
470 843 613 909 articulis
637 864 701 907 uno
725 844 885 907 seruantis
910 850 1055 928 tempore
1080 850 1261 929 utrumque.

468 972 532 1037 quo
557 951 662 1016 minus
685 949 803 1016 infesto
827 950 995 1015 decertant
1018 951 1125 1015 sidera
1148 951 1243 1015 bello,

466 1054 545 1121 talis
569 1055 632 1120 crit
654 1054 740 1120 ratio
765 1054 911 1120 diuersis
935 1054 1052 1121 addita
1074 1055 1189 1139 333333.

521 1166 572 1232 his
594 1166 831 1230 animaduersis
855 1166 952 1230 rebus
976 1187 1060 1250 quae
1083 1166 1231 1250 proxima
1254 1167 1353 1231 cura?

467 1294 600 1338 noscere
624 1274 742 1337 tutelas
764 1273 955 1357 adiectaque
979 1273 1113 1337 numina
1137 1274 1248 1359 signis,

412 1404 453 1445 ns
467 1389 500 1446 et
523 1402 606 1466 quae
630 1380 746 1465 cuique
770 1381 831 1445 deo
855 1402 964 1445 rerum
988 1389 1105 1445 natura
1128 1381 1260 1461 dicauit,

467 1510 541 1553 cum
564 1489 676 1554 diuina
699 1489 788 1554 dedit
809 1489 938 1574 maguis
962 1489 1136 1554 uirtutibus
1159 1510 1217 1554 ora

465 1596 610 1661 condidit
632 1604 665 1661 et
687 1597 795 1661 uarias
819 1617 911 1661 sacro
935 1596 995 1660 sub
1019 1597 1150 1661 nomine
1175 1598 1271 1676 uires,

465 1705 592 1789 pondus
615 1705 662 1768 uti
686 1704 783 1768 rebus
806 1724 945 1788 persona
968 1704 1136 1790 imponere
1159 1706 1270 1790 possit.

464 1813 646 1896 lanigerum
670 1811 790 1892 Pallas,
814 1818 943 1876 taurum
966 1810 1128 1897 Cytherea
1152 1819 1270 1894 tuetur,

410 1919 624 1984 noformosos
647 1918 799 1984 Phoebus
823 1920 984 2004 geminos3
1010 1918 1165 2005 Cyllenie,
1190 1941 1354 2001 cancrum,

463 2025 586 2112 Iupiter
609 2035 642 2092 et
664 2049 738 2091 cum
762 2034 865 2092 matre
889 2028 986 2091 deum
1010 2028 1096 2113 regis
1120 2027 1189 2113 ipse
1212 2028 1351 2110 leonem,

464 2133 615 2219 spicifera
638 2142 688 2199 est
710 2136 803 2220 uirgo
829 2133 966 2215 Cereris,
990 2134 1214 2221 fabricataque
1237 2134 1320 2200 libra

462 2242 611 2321 Vulcani,
636 2264 768 2328 pugnax
790 2243 928 2308 Mauorti
953 2243 1097 2329 scorpion
1122 2243 1248 2324 haeret3

361 2370 364 2377 ·
463 2357 637 2414 cenantem
661 2349 770 2415 Diana
793 2350 910 2431 uirum,
935 2351 991 2416 sed
1015 2352 1117 2437 partis
1141 2352 1289 2436 equinae,

409 2466 559 2543 noctque
584 2466 723 2544 augusta
746 2460 837 2524 louet
859 2460 1039 2544 capricorni
1064 2459 1170 2523 sidera
1194 2458 1305 2538 Uesta,

463 2573 495 2629 et
516 2563 605 2630 Iouis
628 2565 766 2630 aduerso
790 2565 923 2631 Iunonis
948 2568 1100 2651 aquarius
1124 2574 1247 2631 astrum
1272 2574 1329 2647 est,

463 2674 672 2758 agnoscitque
696 2695 771 2738 suos
794 2672 964 2758 Neptunus
988 2675 1021 2738 in
1044 2695 1184 2759 aequore
1209 2675 1322 2760 pisces.

462 2779 537 2845 hinc
561 2803 689 2867 quoque
714 2802 833 2866 magna
857 2781 914 2844 libi
938 2782 1071 2845 uenient
1094 2790 1258 2846 momenta
1280 2782 1390 2846 futuri.

462 2909 535 2952 cum
560 2890 642 2953 ratio
667 2897 723 2954 tua
745 2911 803 2974 per
827 2889 936 2953 stellas
960 2895 992 2952 et
1014 2889 1121 2953 sidera
1145 2899 1262 2971 curret,

407 3001 654 3081 tsoargumeuta
677 3004 766 3081 petes
790 2998 878 3062 onrni
902 2997 941 3060 de
966 3003 1057 3081 parte
1082 2996 1216 3081 uiasque

402 3093 405 3098 ’
462 3104 549 3184 artis,
576 3111 611 3168 ut
633 3105 764 3190 ingenio
787 3105 898 3169 diuina
922 3105 1067 3189 potentia
1090 3110 1212 3189 surgat,

461 3219 705 3297 exaequentque
728 3213 827 3277 fidem
852 3213 940 3277 caelo
966 3212 1115 3277 monalia
1138 3212 1244 3276 corda.

513 3320 623 3404 accipe
647 3320 769 3385 diuisas
793 3321 931 3385 hominis
956 3341 1014 3404 per
1037 3320 1144 3384 sidera
1167 3326 1275 3405 partes

461 3425 652 3511 singulaque
677 3428 709 3492 iu
734 3428 871 3514 propriis
895 3428 1043 3512 parentia
1067 3429 1215 3491 membra
1238 3426 1359 3512 figuris,

406 3555 446 3598 433
460 3532 493 3597 in
518 3533 590 3618 quis
613 3536 806 3620 praecipuas
829 3542 895 3599 toto
920 3534 959 3598 de
984 3556 1118 3620 corpore
1143 3536 1228 3598 uires

460 3649 620 3706 exercent.
668 3644 752 3706 aries
776 3649 873 3728 caput
895 3648 945 3707 est
967 3649 1042 3707 ante
1067 3644 1176 3707 omnia
1199 3642 1350 3727 princeps

459 3749 600 3828 sortitus,
625 3771 806 3834 censusque
830 3751 879 3813 sui
903 3750 1121 3834 pulcherrima
1146 3749 1229 3814 colla

458 3860 581 3938 murus,
606 3864 638 3921 et
660 3859 693 3922 in
717 3857 855 3942 geminis
879 3857 1007 3942 aequali
1031 3857 1183 3921 bracchia
1206 3864 1292 3920 sorte

403 4050 457 4105 433
473 4051 646 4106 amasae
667 4085 699 4093 -
718 4054 768 4106 431
791 4039 954 4108 33334334
972 4051 1111 4106 nemer
1127 4066 1176 4107 cm
1194 4051 1356 4119 ‹acemtg
1376 4080 1407 4086 —
1426 4052 1494 4105 aute
1509 4051 1561 4104 433
1577 4052 1612 4104 a·-

292 4164 410 4216 9333333
421 4152 581 4204 3333333343
593 4152 698 4218 atquae
710 4150 804 4218 334333
818 4149 863 4205 Do
881 4148 1051 4204 3333333433
1061 4151 1138 4219 eipso
1151 4164 1170 4218 g
1185 4148 1234 4203 335
1249 4147 1327 4202 ntiae
1340 4148 1384 4202 dci
1401 4149 1483 4202 434313
1495 4165 1611 4216 3333333

222 4317 229 4327 .
294 4244 492 4315 3433334343]
518 4277 549 4284 -
574 4246 855 4317 43533333433333
880 4252 1069 4316 3333333333
1092 4279 1124 4286 μ
1149 4249 1201 4301 436
1226 4260 1389 4315 3333333333
1413 4246 1553 4316 34333ιί33
1577 4277 1609 4284 -

295 4316 549 4411 raiitillmtilr
565 4385 597 4392 -
612 4358 681 4411 aute
694 4357 746 4411 433
759 4357 896 4424 anacam
910 4355 1095 4424 ammecag
1114 4385 1145 4390 -
1165 4357 1213 4408 444
1226 4342 1458 4423 resineam
1468 4353 1563 4423 ayne
1577 4383 1609 4390 -

294 4452 348 4506 443
356 4452 464 4522 333333
474 4469 489 4508 3
501 4453 624 4523 scorpion
635 4469 650 4508 3
662 4454 778 4523 scorpios
787 4471 808 4504 ω
821 4454 954 4508 33333333
964 4468 1013 4522 gm
1023 4482 1059 4489 —
1068 4457 1120 4508 444
1127 4452 1252 4523 patriam
1263 4482 1294 4489 -
1306 4454 1359 4506 445
1371 4450 1569 4521 3333343343)
1577 4481 1609 4489 -

294 4553 346 4603 446
365 4553 421 4605 cto
440 4550 552 4607 3333333
571 4545 706 4607 Iu¹¹oniel
727 4552 843 4607 1333343
859 4567 888 4606 rn
909 4550 954 4618 (ll)
969 4585 1003 4592 —
1017 4553 1070 4605 448
1087 4551 1181 4620 futuri
1194 4566 1246 4620 gru
1264 4551 1363 4617 futura
1376 4549 1408 4603 lc
1421 4579 1454 4586 -
1468 4551 1520 4603 449
1531 4538 1609 4617 fcr⁸l

291 4649 350 4716 fert
366 4665 407 4718 gc
428 4651 485 4718 sera
504 4664 530 4703 nr
546 4628 674 4705 *callist
698 4653 779 4705 curat
794 4666 835 4717 gc
857 4654 950 4705 curret
966 4665 992 4704 tn
1014 4652 1118 4705 -451
1143 4649 1266 4703 dinnao
1291 4677 1324 4685 —
1351 4648 1403 4703 452
1426 4640 1608 4705 ece4¹⁴⁰3¹2⁴13⁴⁶1

293 4753 444 4817 3333334334
455 4763 483 4803 m
501 4751 698 4815 333333334333
711 4763 751 4816 gc
770 4752 887 4803 -aute
906 4749 959 4805 453
978 4766 1045 4830 3333
1063 4747 1170 4803 menbra
1189 4748 1310 4802 5333333
1327 4746 1421 4814 cacque
1438 4746 1514 4816 34333
1531 4745 1610 4799 attri-

292 4845 443 4908 33334333
462 4845 611 4908 (adtributo
629 4845 688 4899 sint
699 4849 739 4910 ur)
757 4876 789 4884 -
804 4849 855 4901 454
874 4832 1024 4915 propriisl
1044 4845 1211 4913 proprisam
1230 4843 1347 4911 33333433
1359 4859 1399 4906 arc
1414 4874 1444 4880 -
1459 4845 1511 4897 455
1529 4860 1608 4911 3333-

292 4944 372 5011 343433
387 4959 413 4997 ru
436 4974 466 4979 —
488 4948 538 4998 45ῖ
558 4925 661 4998 sortiti
679 4945 829 5012 3333443343
848 4962 939 4999 333333
953 4960 981 4999 nr
1001 4944 1101 4999 collon
