4134 5834
761 593 763 598 ’
836 619 923 677 moer
940 619 988 679 lv.
1025 622 1176 678 aaa-aar.

510 860 575 927 pax
598 837 720 923 agitur3
744 837 877 923 capiunt
899 837 999 902 saltus
1022 837 1187 923 siluaeque
1208 842 1388 925 pererrant,

512 966 599 1011 nunc
622 943 790 1010 hominum
812 964 898 1009 nuno
922 943 1008 1009 bella
1030 951 1149 1030 gerunt
1169 945 1312 1011 uiolenta
1335 943 1489 1026 ferarum,

458 1075 498 1120 aar
513 1074 599 1117 nunc
622 1058 720 1139 caput
741 1052 776 1116 in
799 1058 936 1117 mortem
959 1052 1108 1117 uendnnt
1129 1058 1163 1117 et
1184 1052 1282 1119 funus
1304 1052 1458 1135 harenae,

513 1167 610 1246 atque
633 1161 760 1226 hortem
782 1159 845 1225 sibi
868 1160 1004 1245 quiaque
1027 1166 1131 1245 parat,
1155 1180 1230 1226 cum
1253 1160 1339 1226 bella
1362 1160 1541 1246 quiescunt

513 1274 598 1350 eunt,
622 1268 739 1353 quibua
762 1274 795 1332 et
817 1267 991 1332 simulacra
1014 1266 1144 1353 placent
1166 1272 1199 1332 et
1220 1267 1316 1333 ludus
1338 1268 1372 1332 in
1395 1267 1494 1332 armis
1518 1301 1560 1313 —

513 1381 621 1441 tantae
645 1395 737 1440 amor
758 1395 889 1462 pugnae
913 1410 955 1420 -
977 1374 1170 1461 discuntque
1192 1396 1251 1461 per
1274 1374 1340 1441 otia
1361 1374 1482 1440 bellum

510 1489 543 1548 et
565 1482 791 1569 quodcumque
814 1483 886 1570 pari
909 1483 1052 1548 etodium
1074 1483 1263 1571 producitur
1285 1488 1364 1549 arte.

459 1614 500 1658 reo
567 1597 600 1656 at
622 1590 740 1677 quibua
762 1590 797 1655 in
820 1589 924 1655 bifero
947 1590 1094 1657 centauri
1117 1612 1251 1677 corpore
1274 1612 1343 1657 rora
1366 1596 1416 1657 est

513 1697 667 1763 nascendi
691 1717 854 1781 concessa,
877 1697 957 1763 libet
980 1698 1176 1784 subiungere
1200 1718 1314 1764 currua

496 1804 657 1888 'ardentia
680 1810 713 1870 et
735 1826 836 1891 equos
860 1805 901 1870 ad
924 1805 1035 1870 mollia
1059 1805 1177 1871 ducere
1199 1805 1294 1871 frana

513 1919 545 1977 et
568 1912 644 1978 totio
667 1918 816 1977 armenta
838 1913 930 1998 aequi
952 1912 1121 1999 pascentia
1144 1913 1281 2000 campie;

514 2020 761 2108 quadrupedum
784 2041 880 2086 omne
903 2041 1006 2106 genus
1029 2020 1141 2106 positia
1164 2020 1326 2086 domitare
1348 2018 1521 2107 magistris,

461 2151 501 2195 aaa
515 2150 649 2194 exorare
673 2128 765 2214 tigris
788 2128 977 2215 rabiemque
1002 2127 1130 2194 auferre
1152 2128 1241 2195 leoni

515 2256 653 2322 cumque
676 2236 847 2322 elephante
870 2236 959 2322 loqui
982 2242 1172 2322 tantamque
1196 2241 1308 2324 aptare
1330 2236 1492 2323 loquendo

515 2343 637 2409 artibus
661 2343 812 2409 humanis
835 2344 927 2409 uaria
951 2344 992 2409 ad
1015 2344 1201 2430 spectacula
1223 2343 1352 2410 molem.

515 2452 635 2537 quippe
657 2449 747 2516 ferae
770 2452 906 2516 mixtum
930 2457 978 2516 eat
1001 2451 1142 2517 hominis
1164 2472 1224 2539 per
1246 2452 1354 2518 sidera
1376 2473 1492 2538 corpus

514 2558 765 2643 impositumque
787 2565 912 2638 manet3
936 2561 1089 2646 quocirca
1111 2565 1227 2646 regnat
1248 2559 1283 2625 in
1306 2559 1388 2625 illae.

460 2687 644 2753 aequoque
666 2667 791 2732 intenta
813 2667 897 2753 gerit
920 2674 1055 2733 curuato
1079 2669 1204 2753 apicula
1227 2689 1338 2743 cornu,

515 2780 549 2838 et
570 2796 688 2840 neruoa
711 2775 824 2840 tribuit
845 2775 1000 2840 membris
1025 2781 1057 2841 ot
1079 2776 1231 2842 acumine
1253 2776 1344 2842 cordi

517 2888 550 2944 et
572 2881 687 2947 celeria
709 2888 816 2947 motus
839 2903 899 2947 neo
922 2882 1116 2948 delaaeabile
1138 2888 1261 2971 pectue.

572 2988 673 3054 Uesta
696 2995 779 3072 tuoe,
803 2992 1000 3078 capricorno,
1025 2990 1115 3058 fouet
1135 2990 1355 3079 penetralibus
1377 2991 1480 3077 ignea.

511 3096 588 3163 hinc
611 3102 697 3163 artea
720 3098 927 3186 studiumque
950 3098 1067 3181 trahie3
1090 3119 1168 3165 nam
1191 3099 1344 3186 quioquid
1367 3098 1401 3164 in
1424 3120 1502 3165 naus

462 3226 502 3270 225
515 3204 600 3289 ignia
624 3211 699 3291 egat
720 3208 888 3294 poscitque
910 3228 1014 3273 nouae
1038 3207 1079 3273 ad
1102 3228 1238 3273 munera
1261 3207 1421 3288 flammae,

517 3311 577 3376 sub
600 3316 632 3376 te
656 3313 853 3378 censendum
877 3320 939 3380 cat:
964 3314 1101 3380 scrutari
1124 3334 1223 3380 caeca
1244 3313 1377 3380 metalla

517 3418 680 3506 depositae
703 3426 736 3486 et
759 3442 837 3508 oper
860 3428 1045 3508 terramque
1069 3442 1206 3488 exurere
1228 3420 1334 3503 nenie;

517 3527 753 3614 materiamque
776 3550 877 3595 mann
900 3534 989 3595 certa
1011 3529 1187 3617 duplicaris
1209 3534 1242 3594 et
1264 3534 1344 3595 arte.

518 3634 672 3720 quicquid
696 3641 728 3700 et
750 3643 885 3722 argento
909 3636 1098 3719 fabricetur,
1121 3636 1273 3723 quioquid
1297 3643 1330 3701 et
1351 3657 1441 3719 auro,

464 3763 505 3808 roo
519 3742 605 3827 quod
628 3742 750 3808 ferrum
774 3744 870 3810 calidi
893 3746 1020 3811 aolnant
1044 3751 1142 3831 atque
1163 3765 1242 3810 aera
1264 3744 1393 3826 camini,

515 3856 804 3937 consummentque
827 3850 892 3917 foci
915 3851 1079 3936 Cererem,
1103 3858 1160 3919 tna
1181 3872 1317 3918 munera
1340 3856 1483 3939 surgent.

465 4046 517 4101 223
540 4036 679 4116 perirent
696 4044 707 4101 1
729 4051 866 4117 perorant
883 4061 913 4102 m
936 4050 1125 4117 pererrante
1154 4074 1187 4084 -
1215 4048 1267 4103 224
1294 4047 1428 4103 2221222222
1453 4048 1564 4117 ferram
1578 4062 1608 4103 m
1636 4073 1669 4087 -

359 4143 411 4200 225
429 4145 525 4214 finito
543 4141 692 4200 1222222222
712 4173 746 4183 ·-
765 4142 1028 4201 228eimulaohrol
1046 4144 1257 4201 simulacrum
1281 4173 1314 4183 -
1334 4145 1387 4201 228
1400 4162 1511 4216 popm
1528 4143 1611 4201 ertlc
1631 4149 1670 4201 ert

359 4256 415 4298 om.
429 4256 449 4311 g
461 4260 561 4313 pupae
573 4247 611 4298 eat
623 4258 654 4298 m
673 4244 842 4313 2222222222
861 4260 931 4299 orna
943 4258 972 4298 m
986 4272 1018 4281 -
1032 4243 1086 4299 280
1096 4241 1240 4312 2212222221
1259 4244 1345 4313 bifero
1358 4257 1432 4299 corr.
1445 4256 1481 4298 ex
1494 4244 1623 4314 biforcrn
1636 4272 1669 4282 -

360 4341 410 4395 aar
433 4338 590 4409 [marm
610 4369 643 4378 -
667 4341 719 4396 232
737 4333 886 4397 acatal
907 4343 1033 4397 222222
1046 4356 1086 4411 gc
1109 4341 1275 4398 arratam
1297 4327 1424 4407 aarum
1444 4369 1477 4379 -
1497 4342 1549 4397 aar
1567 4355 1670 4397 uenus

360 4435 443 4493 deest
455 4437 516 4494 inc
539 4439 649 4509 tiprr‘ao
672 4466 705 4476 -·
728 4439 779 4494 236
798 4440 917 4509 elefanto
931 4438 966 4509 lg
989 4468 1022 4478 -
1046 4440 1099 4495 288
1117 4440 1219 4511 quippe
1237 4458 1302 4497 2222
1312 4455 1342 4495 m
1365 4438 1480 4509 mtotdl
1503 4469 1536 4480 -
1558 4440 1610 4495 289
1628 4440 1671 4496 in·

356 4535 552 4605 poeitmnquel
569 4537 1059 4608 inportumquem-ttoquoqueo
1077 4539 1230 4594 2222222212
1247 4537 1671 4595 22222222-24222122222-

361 4614 1671 4707 creatammiserrimaquemmuararaag-autramm-arotqtrl
1791 4613 1798 4628 ‘

361 4763 451 4828 cyctm
467 4760 567 4831 opitgc
578 4759 777 4830 poaoitnouael
794 4718 974 4831 adama
987 4760 1190 4828 222222222202)
1203 4776 1359 4832 muneragc
1372 4790 1405 4800 -·
1418 4763 1627 4818 tddacruarim
1637 4785 1670 4799 -·

362 4855 413 4911 247
425 4861 579 4927 terroreque
587 4873 726 4916 22222222
740 4888 773 4897 -
788 4860 840 4914 248
851 4860 991 4929 duplicari
1002 4864 1027 4915 et
1037 4859 1311 4930 arteo(dup1ieariet
1323 4864 1382 4916 arto
1392 4859 1419 4929 c)
1433 4888 1465 4897 -
1478 4858 1532 4914 250
1540 4861 1671 4930 fretmo

252 5019 256 5028 ,
361 4957 478 5026 calicig
495 4957 628 5013 calidae
645 4962 748 5013 222222
761 4972 812 5013 om
836 4986 868 4995 -
888 4958 937 5012 251
958 4961 1193 5027 2222222222
1207 4936 1294 5027 2222·
1304 4958 1324 5014 1.

417 5072 525 5113 hamne.
545 5073 564 5114 1.
1566 5057 1583 5112 Ί
