4134 5834
857 614 944 672 Liber
962 616 983 671 i.
1020 618 1171 672 918—926.

521 836 618 916 atquo
641 829 712 915 ipsa
734 831 839 896 Isiaco
863 838 1028 897 certarunt
1051 832 1189 896 fulmina
1212 832 1315 897 sistro.

521 938 687 1002 restabant
709 938 846 1024 profugo
870 940 1003 1004 seruilia
1025 939 1128 1004 milite
1152 940 1248 1020 bolla,

467 1068 507 1108 oso
521 1067 594 1109 cum
618 1046 739 1131 patrios
763 1049 861 1111 armis
884 1048 1027 1111 imitatus
1051 1047 1137 1111 filius
1161 1048 1270 1112 hostes

521 1174 664 1238 aequora
685 1151 860 1238 Pompeius
884 1155 969 1238 cepit
992 1153 1127 1219 defensa
1150 1155 1286 1240 parenti.

521 1262 577 1325 sed
601 1261 679 1325 sctis
703 1261 764 1325 hoc
787 1260 863 1325 fatis
887 1261 992 1326 fucrit.
1041 1262 1105 1326 iam
1130 1262 1216 1327 bolla
1239 1263 1417 1347 quiescant,

521 1375 617 1453 atquo
642 1368 843 1433 adamanteis
866 1368 1028 1434 discordia
1051 1370 1162 1434 uincto
1185 1372 1308 1436 catonis

521 1481 670 1539 aeternos
693 1476 812 1540 habeat
833 1476 943 1541 frenos
967 1477 1000 1540 in
1024 1498 1155 1541 carcerc
1179 1478 1299 1543 clausa.

468 1606 508 1649 9²5
522 1584 563 1647 sit
585 1590 678 1668 pater
701 1584 840 1647 inuictus
863 1585 999 1670 patrico,
1024 1586 1066 1649 sit
1089 1583 1195 1649 Roma
1218 1586 1277 1650 sub
1301 1586 1373 1650 iilo:

522 1712 661 1775 cunique
685 1690 781 1754 doum
806 1691 895 1755 caclo
919 1692 1056 1773 dcdorit,
1082 1713 1145 1756 non
1169 1699 1306 1777 quassat
1329 1692 1362 1756 in
1386 1685 1474 1757 orbo.

464 1958 517 2013 920
550 1958 679 2014 imitatur
708 1974 736 2013 m
765 1959 850 2014 hostes
876 1974 896 2028 g
928 1959 1010 2015 tostis
1037 1976 1059 2011 to
1093 1989 1125 1997 -
1161 1962 1211 2014 9⁶21
1245 1961 1375 2029 Pmnpcns
1401 1974 1420 2028 g
1454 1959 1524 2033 cipit
1551 1972 1605 2026 gm
1641 1985 1674 1995 -

362 2058 414 2112 923
436 2060 530 2112 muira
546 2071 576 2112 m
600 2091 634 2100 -
658 2060 710 2113 925
728 2057 839 2112 cic-cic
856 2073 884 2112 m
905 2057 958 2125 (L.)
978 2088 1011 2095 -
1035 2059 1087 2113 926
1106 2058 1194 2127 querit
1209 2073 1239 2113 m
1259 2060 1379 2128 -post
1402 2058 1454 2112 92ss
1476 2055 1586 2126 coniicit
1610 2056 1676 2111 libor

359 2155 467 2225 primns
492 2155 586 2225 incipit
611 2156 709 2225 ccdsg
737 2157 805 2223 (rec.
828 2157 869 2222 m)
901 2155 941 2212 M.
966 2155 1068 2211 Manili
1091 2156 1244 2210 Astrononii
1271 2173 1319 2211 con
1345 2155 1411 2210 lion·
1435 2157 1544 2225 primm
1567 2154 1679 2222 explicit

362 2254 461 2322 incipit
478 2254 607 2309 ccoeindin
630 2270 658 2309 m
680 2255 770 2322 (unc)
799 2254 882 2309 nulia
903 2253 1081 2324 subscriptio
1108 2254 1137 2309 in
1161 2254 1218 2323 igc.
1246 2256 1411 2324 sequuntur
1432 2253 1463 2309 in
1486 2252 1543 2308 icm
1571 2254 1613 2322 (ul
1632 2250 1674 2321 c,)

363 2352 494 2421 capitula
512 2352 581 2408 libri
600 2352 736 2408 secundi:
755 2372 806 2409 cac
822 2353 898 2423 sona
914 2353 973 2408 sint
987 2353 1139 2408 masculino
1157 2369 1225 2421 onoc
1240 2352 1383 2421 feminina.
1401 2352 1405 2417 Ι
1425 2369 1475 2421 qne
1491 2351 1612 2407 hnmano
1627 2368 1677 2420 quc

362 2449 484 2519 dripticio
502 2455 530 2507 et
545 2452 572 2505 bi
588 2452 688 2520 forma.
709 2454 713 2514 Ι
734 2469 783 2507 noc
801 2455 933 2507 nocturna
951 2454 977 2506 ct
993 2452 1102 2506 diuma.
1122 2455 1128 2517 t
1148 2467 1181 2526 τις
1198 2451 1310 2505 tumida
1333 2454 1388 2505 aut
1404 2454 1512 2505 torena
1533 2453 1585 2504 ont
1609 2466 1676 2503 com·

363 2549 467 2603 monio.
485 2554 489 2615 Ι
505 2567 556 2604 nce
571 2550 687 2618 socienda
699 2568 748 2619 que
759 2550 899 2605 cinrentia
915 2554 967 2606 cut
981 2558 1059 2604 recto.
1078 2551 1081 2616 Ι
1098 2567 1150 2604 noc
1166 2550 1288 2604 sedentia
1298 2552 1349 2604 acet
1359 2548 1477 2603 iacentia
1490 2565 1539 2617 quc
1551 2547 1657 2601 debitio.
1670 2545 1673 2616 t

362 2664 396 2717 uc
418 2665 505 2703 uerna
526 2648 653 2702 cstiuolio
675 2648 841 2702 oiininmlia
865 2648 976 2702 hiberno
999 2650 1072 2715 inae
1093 2655 1174 2704 cauto
1197 2655 1331 2702 eteorum
1354 2646 1450 2702 datia
1472 2651 1523 2703 out
1542 2642 1674 2713 sinictrol

363 2764 377 2800 c
394 2762 520 2801 incisorem
539 2749 677 2815 tsiqmioin
696 2746 865 2814 quadranro
883 2747 912 2799 in
931 2749 1023 2814 partes
1039 2746 1043 2812 Ι
1059 2747 1169 2814 connis
1184 2748 1309 2815 eoeoyonis
1324 2745 1356 2799 de
1370 2725 1677 2822 miiincni‘i‘iii'teaen

365 2847 418 2898 loco
435 2845 489 2898 sint
505 2845 509 2908 Ι
525 2862 538 2898 e
556 2844 699 2899 contrariis
715 2846 719 2906 Ι
736 2844 771 2897 ad
789 2846 865 2896 cicius
876 2843 918 2897 dci
936 2845 1048 2897 tuteloni-
1064 2861 1180 2912 qsioeqnc
1196 2843 1273 2913 ciqnc
1289 2845 1448 2912 referantur
1463 2845 1467 2909 1
1483 2861 1582 2898 nortem
1598 2860 1678 2896 naein-

363 2942 471 2996 brornni
488 2944 518 2995 in
534 2940 640 2995 tmninc
658 2941 777 3009 qrwdqnc
793 2940 898 3009 sionim
916 2942 1028 2995 tutelam
1041 2940 1138 2995 habent
1154 2943 1158 3006 Ι
1174 2941 1298 3010 iynomm
1312 2942 1385 2995 inter
1397 2941 1588 2997 sccommcrcto
1600 2942 1677 2995 nicio
1736 2992 1739 3000 .

364 3039 474 3095 anino
491 3039 553 3094 oca
569 3040 574 3105 ι
589 3057 603 3093 e
621 3039 705 3094 cuore
722 3009 903 3095 domoon.
