4134 5834
835 592 920 649 Liber
939 591 986 649 lv.
1023 594 1175 650 846-878.

502 811 671 876 incuruata
694 810 790 876 simul
812 810 971 895 solitoque
994 814 1144 894 exempta
1167 809 1278 893 uigore

503 923 536 982 et
559 918 648 983 uelut
671 918 788 984 elatem
811 917 966 983 Phoeben
988 916 1021 981 iu
1045 916 1159 981 funere
1182 917 1303 1002 lugent.

503 1026 574 1109 ipsa
596 1025 690 1090 docet
711 1024 835 1106 titulos3
859 1041 978 1087 causae
1002 1042 1086 1103 quae
1110 1019 1261 1104 ecliptica
1283 1020 1381 1106 siquo

505 1128 620 1194 dixere
644 1127 776 1212 antiqui
798 1132 919 1218 pariter
941 1130 999 1195 ssd
1021 1131 1100 1196 bine
1121 1130 1281 1211 laborant,

450 1260 491 1304 eso
505 1259 565 1302 nso
588 1238 697 1304 uioine
720 1238 800 1314 loeo,
825 1238 881 1303 sed
904 1260 988 1324 quoe
1011 1238 1174 1303 contrarie
1196 1238 1333 1324 fulgent,

504 1346 587 1411 siout
609 1346 688 1411 lune
711 1367 769 1412 suo
793 1352 862 1411 tum
885 1352 1009 1412 tentum
1033 1346 1143 1411 deficit
1165 1347 1254 1427 orbe,

505 1474 578 1518 cum
601 1452 770 1518 Phoebum
792 1453 937 1519 aduersis
960 1459 1144 1519 currentem
1168 1474 1231 1518 non
1255 1454 1344 1519 uidet
1367 1454 1471 1519 nstris.

505 1581 564 1625 neo
587 1566 697 1625 temon
720 1562 848 1647 esqunli
870 1562 1085 1647 languescunt
1106 1567 1251 1647 tempore
1275 1567 1401 1641 cuneta,

504 1669 560 1734 ssd
584 1670 680 1735 modo
703 1670 736 1735 in
760 1670 894 1735 effeetus
917 1676 1002 1734 totus
1024 1668 1212 1755 producitur
1235 1669 1351 1751 onnus,

451 1799 492 1844 ees
506 1798 591 1842 nuno
615 1777 745 1843 breuius
767 1778 888 1843 lassate
910 1783 1051 1858 manent,
1075 1799 1162 1843 nuno
1184 1777 1313 1862 longius
1335 1783 1433 1859 estre,

505 1885 728 1971 exceduntque
752 1906 809 1950 suo
833 1883 998 1950 Phoebeie
1019 1891 1167 1972 tempore
1189 1906 1275 1950 oesu.

506 1996 603 2076 etqrm
627 1992 682 2058 ubi
705 1992 885 2079 perfeetum
910 1998 959 2057 ost
981 1994 1130 2078 spatium,
1154 1992 1242 2079 quod
1265 1992 1380 2078 cuique
1403 1992 1540 2072 dicetur,

506 2098 746 2186 impleruntque
769 2121 845 2166 suos
867 2106 956 2166 uerte
979 2101 1116 2165 stetioue
1137 2100 1266 2166 labores

505 2204 583 2272 bine
605 2228 663 2294 per
684 2208 857 2274 aduersum
882 2208 1008 2273 eaelum
1032 2207 1190 2294 fulgentia
1213 2207 1317 2293 signo,

452 2336 493 2381 eso
507 2321 575 2380 tum
599 2316 706 2381 uicina
727 2316 838 2382 lebant
861 2317 938 2402 ipsis
961 2316 1128 2381 haerentia
1151 2315 1261 2402 signis,

507 2445 591 2507 quae
614 2426 703 2510 prius
725 2424 758 2489 in
782 2431 885 2490 terres
907 2426 1043 2489 ueniunt
1066 2430 1231 2509 terresque
1255 2423 1456 2510 relinquuut3

507 2531 632 2596 sidereo
654 2553 718 2598 nou
742 2539 778 2599 ut
799 2539 923 2619 pugnet
946 2533 1125 2598 contrarius
1149 2533 1250 2613 orbis;

507 2638 563 2701 sed
588 2661 652 2725 qua
674 2641 814 2706 mundus
837 2642 905 2727 egit
928 2662 1052 2722 oureus,
1076 2640 1209 2706 inoliuet
1231 2641 1355 2726 etipse

507 2746 705 2833 emissaeque
728 2754 826 2833 negat
846 2749 934 2814 uires
957 2769 1017 2813 neo
1041 2769 1176 2813 munera
1198 2753 1289 2812 tento

454 2874 494 2918 sse
508 2874 568 2917 neo
591 2854 704 2919 similis
727 2855 833 2920 reddit
855 2877 966 2921 noxas.
1012 2856 1103 2921 loeus
1126 2855 1234 2920 omnio
1257 2855 1362 2920 uertit.

561 2962 617 3027 sed
640 2963 717 3048 quid
741 2962 807 3029 iem
830 2965 918 3029 tenui
941 2964 1074 3050 prodest
1096 2964 1219 3028 ratione
1243 2964 1399 3028 nitentem

508 3070 643 3133 serutari
667 3070 834 3153 mnndum,
859 3072 886 3135 si
908 3092 1000 3136 meus
1023 3092 1084 3136 suo
1106 3071 1221 3156 cuique
1244 3077 1415 3155 repugnet,

508 3197 662 3262 spemque
686 3178 782 3243 timor
805 3178 887 3245 tollit
908 3179 1123 3266 prohibetque
1146 3178 1300 3244 elimino
1323 3176 1424 3242 oseti?

507 3283 617 3348 condit
639 3286 726 3350 enim
750 3288 902 3374 quioquid
927 3291 1021 3353 nesto
1045 3292 1163 3352 natura
1185 3307 1314 3352 recessu

452 3413 493 3457 mo
506 3392 715 3479 mortalisque
739 3394 822 3481 fugit
845 3398 934 3462 nisus
956 3403 989 3463 et
1010 3401 1144 3484 peotoro
1165 3401 1290 3472 nostrum

508 3520 567 3564 neo
589 3502 743 3585 prodesse
765 3510 881 3589 potest,
905 3505 990 3591 quod
1014 3504 1089 3570 tetis
1112 3508 1229 3569 cuncto
1251 3507 1418 3587 reguntur,

507 3628 581 3672 oum
604 3608 708 3675 fetum
731 3611 820 3676 nulle
842 3612 942 3697 possit
963 3613 1088 3678 ratione
1111 3611 1224 3676 uideri.

509 3716 585 3800 quid
609 3718 701 3782 iuuat
722 3719 755 3784 in
780 3725 883 3784 semet
905 3741 1045 3806 suaper
1067 3719 1216 3785 conuiuia
1238 3717 1315 3783 ferri

455 3902 508 3957 846
520 3885 686 3960 oemtaml
704 3903 857 3973 tmr'tnto
868 3920 897 3959 m
915 3904 1002 3975 ss'qon'
1013 3919 1043 3959 m
1059 3904 1149 3975 utqore
1160 3920 1182 3957 n
1196 3935 1229 3946 -
1242 3905 1294 3959 847
1307 3900 1464 3969 tuoeotlge
1479 3882 1571 3955 ludent
1584 3914 1610 3954 m
1625 3927 1657 3936 —

350 4000 403 4055 848
415 3999 474 4068 i1³0⁶
486 3998 543 4070 180
562 4000 616 4070 ἕνα
629 4017 658 4057 m
677 4004 796 4059 titutow
815 3995 1089 4083 oousq⁹¹¹⁶eqtiptteol
1107 4018 1202 4057 ooosoo
1218 4017 1268 4080 quq
1281 4014 1321 4069 gc
1338 4014 1432 4055 musae
1449 3998 1570 4068 eptipts‘oo
1582 4012 1610 4052 m
1626 4025 1658 4034 —

350 4126 404 4180 849
426 4124 471 4179 scd
492 4124 591 4180 hmo
613 4160 648 4167 —
670 4128 721 4182 861
745 4130 838 4182 uotam
858 4084 1098 4182 mndbhtdnetonm
1115 4130 1208 4182 uotum
1226 4142 1255 4181 m
1278 4153 1309 4163 -
1333 4125 1386 4180 868
1409 4125 1568 4191 temporem
1597 4125 1660 4176 tem·

346 4239 507 4293 porso-
529 4225 582 4280 866
601 4224 851 4281 tammonentm
875 4254 907 4263 -
930 4224 1214 4294 856oeoedsmtquem
1237 4223 1450 4292 metensque
1472 4219 1657 4276 18ιώωο-

350 4321 905 4394 sosimpereqsoemmoogeoe-
930 4306 1658 4391 oeneus-sestawtalquaecmm

311 4434 313 4436 '
350 4412 484 4491 indinttl
506 4421 659 4478 tmlinetm
682 4423 779 4493 ipsum
804 4422 896 4492 qrsoo
915 4451 948 4460 -
967 4424 1021 4479 864
1040 4422 1244 4491 Animasqsoem
1267 4446 1299 4456 -
1319 4411 1510 4491 865mess
1532 4415 1659 4471 stmdeso

351 4519 468 4575 muium
493 4554 527 4562 —
550 4524 619 4577 onte
637 4524 690 4579 866
715 4525 836 4592 satorem
861 4521 996 4576 rationem
1019 4519 1135 4589 peroptet
1155 4534 1229 4587 posse
1246 4531 1300 4587 gm
1320 4514 1375 4587 (ul)
1403 4514 1530 4586 quoodo
1552 4509 1659 4582 possim'

349 4618 471 4687 fatorum
493 4619 624 4674 rationes
645 4620 792 4689 peroptare
813 4619 824 4674 l
847 4620 890 4683 (in
909 4619 1012 4688 marg.)
1041 4645 1073 4655 —
1102 4618 1155 4673 868
1182 4614 1300 4688 Phibetq¹
1314 4612 1326 4639 ²
1340 4613 1467 4671 luminel
1490 4610 1660 4681 prohibetque

353 4715 493 4771 tumtnem
508 4716 680 4787 prohibetque
697 4735 710 4772 e
728 4716 821 4773 tim
833 4731 874 4786 ge
893 4745 925 4754 -
945 4718 998 4772 869
1016 4713 1196 4771 eonditurlm
1216 4715 1358 4783 oondttgc
1382 4712 1455 4767 euim
1473 4707 1565 4780 quedl
1586 4707 1660 4763 enim
1752 4755 1753 4758 ,

351 4813 550 4901 qotdmem'm
571 4813 601 4884 dd
621 4817 743 4887 qoodgo
763 4846 795 4854 —
814 4817 867 4873 870
886 4815 1087 4884 mormttsqueo
1108 4844 1141 4851 -
1163 4817 1214 4871 871
1232 4814 1344 4882 foetum
1368 4839 1401 4849 -
1425 4810 1478 4865 878
1499 4809 1598 4876 fottsg
1625 4838 1659 4848 -

352 4903 524 4981 uuoqstdl.
