4134 5834
795 592 879 651 nrbes
900 592 946 651 11.t
962 562 1124 662 uer-950.

463 814 727 900 suspenduntque
752 835 809 878 suo
833 805 1159 891 libratumssexamine
1182 810 1350 886 mundum,

464 923 579 988 asserit
602 921 684 986 hano
708 921 870 1006 Cytherea
892 919 954 984 sibi
976 940 1035 1004 per
1058 919 1165 983 sidera
1188 919 1299 983 sedem

464 1036 497 1093 et
519 1029 620 1093 uoluti
643 1028 760 1094 faeiem
782 1027 896 1091 mundi
918 1047 978 1091 sua
1001 1026 1137 1091 collocat
1158 1047 1226 1108 ora,

463 1156 522 1220 per
545 1158 628 1221 quae
650 1137 793 1201 humana
815 1135 908 1220 regit.
954 1134 1088 1219 propria
1110 1139 1159 1197 est
1181 1134 1261 1198 haec
1285 1133 1412 1198 reddita
1433 1136 1518 1220 parti

409 1244 527 1308 mauis:
553 1251 584 1307 et
608 1243 746 1308 conubia
768 1249 800 1306 et
823 1242 983 1306 thalamos
1006 1240 1183 1326 taedasque
1205 1240 1374 1325 gubernat.

465 1350 544 1414 haec
568 1350 669 1415 tutela
692 1350 787 1414 docet
808 1348 970 1414 Uenerem
994 1369 1054 1413 sua
1077 1348 1142 1413 tela
1165 1368 1306 1413 mouere.

465 1478 582 1522 nomen
606 1458 668 1522 erit
689 1457 834 1523 Fortuna
856 1456 937 1521 loco.
986 1477 1049 1542 quo
1074 1455 1204 1541 percipe
1227 1461 1379 1537 mentem,

464 1571 501 1629 nt
522 1564 635 1629 breuia
657 1566 690 1629 in
714 1566 810 1650 longo
835 1564 1027 1650 compendia
1050 1564 1193 1629 carmine
1216 1570 1387 1648 praestem.

466 1678 499 1735 at
522 1694 587 1757 qua
610 1671 747 1737 subsidit
770 1692 927 1736 conuerso
952 1671 1083 1735 cardine
1106 1670 1246 1735 mundus

411 1800 452 1843 999
465 1778 677 1844 fundamenta
699 1786 813 1844 tenens
837 1780 1011 1843 aduersum
1034 1784 1067 1843 et
1089 1778 1223 1863 suspicit
1245 1778 1356 1842 orbem

466 1908 503 1950 ac
528 1885 635 1951 media
658 1887 717 1952 sub
740 1893 835 1952 nocte
858 1887 951 1968 iacet,
976 1885 1135 1950 Saturnus
1158 1886 1192 1950 in
1215 1886 1271 1950 illa

464 2000 556 2078 parte
580 2016 655 2060 suas
679 1996 780 2080 agitat
803 1995 899 2075 uires,
924 1994 1069 2059 deiectus
1092 1995 1216 2079 etipse

466 2101 602 2187 imperio
626 2101 790 2186 quondam
815 2102 927 2166 mundi
947 2101 1092 2186 solioque
1115 2101 1260 2182 deorum,

467 2215 499 2272 et
521 2216 614 2294 pater
636 2210 670 2272 in
693 2210 814 2294 patrios
837 2216 984 2274 excercet
1005 2208 1142 2274 numina
1164 2228 1258 2273 casus

300 2353 303 2358 -
413 2337 453 2380 osa
468 2316 694 2401 fortunamque
719 2338 847 2396 senum3
867 2312 983 2397 prima
1006 2316 1055 2377 est
1078 2312 1177 2378 tutelo
1202 2313 1355 2394 duorum,

464 2426 661 2486 nascentum
685 2425 781 2503 atquo
801 2426 950 2504 patrum,
976 2441 1060 2503 quae
1085 2420 1147 2485 tau·
1170 2419 1303 2485 condita
1321 2425 1420 2503 parte
1444 2428 1501 2489 est.

469 2548 625 2610 asperum
649 2526 713 2592 erit
736 2528 913 2611 templum·
937 2530 1060 2611 titulus,
1084 2551 1181 2615 quem
1205 2520 1345 2595 Graecia
1368 2531 1445 2596 fecit

346 2650 350 2656 '
468 2637 686 2721 daemonium,
711 2638 881 2722 signatque
905 2658 980 2701 suas
1001 2658 1061 2722 pro
1086 2638 1216 2701 nomine
1240 2637 1336 2702 uires.
1445 2704 1446 2708 ,

468 2765 554 2809 nune
577 2766 648 2830 age,
672 2752 857 2829 surgentem
881 2745 985 2830 primo
1009 2745 1050 2808 de
1074 2744 1204 2809 cardine
1227 2745 1384 2810 mundum

414 2853 603 2936 osorespioe‚
627 2874 692 2937 qua
714 2852 824 2917 solitos
848 2851 1014 2916 nascentia
1038 2851 1131 2936 signa
1154 2873 1303 2918 recursus

470 2960 636 3045 incipiunt,
662 2959 774 3024 uiridis
796 2959 912 3045 gelidis
936 2966 968 3023 et
990 2958 1143 3024 Phoebus
1167 2962 1208 3026 ab
1231 2961 1326 3025 undis

469 3073 579 3131 enatat
601 3074 634 3130 et
656 3066 746 3131 fuluo
769 3067 925 3152 paulatim
951 3068 1138 3131 accenditur
1160 3068 1246 3152 igne,

469 3173 549 3238 haee
571 3181 628 3238 tua
651 3175 772 3260 templa
794 3175 903 3239 ferunt
924 3174 1020 3256 Maia,
1046 3174 1201 3261 Cyllenie,
1226 3181 1310 3239 nate.

470 3301 486 3343 o
509 3278 769 3364 faciessiqnata
792 3285 880 3364 notu,
906 3281 993 3363 quod
1015 3300 1134 3346 comen
1158 3279 1278 3363 stipsi

413 3411 454 3454 949
469 3391 617 3451 auctores
641 3385 701 3451 tibi
725 3388 808 3453 dant
831 3388 915 3455 artis
938 3410 1021 3471 quae
1046 3386 1139 3453 ducit
1163 3386 1340 3473 olympum

470 3495 503 3559 in
528 3518 591 3581 quo
613 3497 776 3562 fortunam
801 3505 952 3564 natorum
977 3498 1120 3564 condidit
1143 3520 1272 3563 omnem

472 3609 597 3683 natura,
622 3626 661 3668 ex
683 3605 739 3669 illo
762 3606 928 3690 suspendit
951 3613 1028 3669 uota
1051 3612 1231 3690 parentum.

471 3732 555 3774 unus
579 3712 611 3774 in
635 3733 752 3775 occasu
776 3711 864 3776 loeus
889 3718 1066 3797 estsuper,
1113 3712 1168 3776 ille
1190 3719 1337 3776 ruentem

471 3819 663 3903 praecipitat
686 3820 842 3883 mundum
867 3821 1007 3883 tenebris
1031 3827 1064 3883 et
1086 3819 1193 3884 sidera
1217 3828 1336 3885 mersat

417 3948 458 3990 999
471 3933 627 4009 tergaque
651 3933 834 4012 prospectat
857 3927 990 4005 Phoebi,
1015 3929 1070 4011 qui
1093 3927 1221 3991 uiderat
1244 3949 1309 3992 oru.

419 4129 468 4182 991
494 4128 627 4184 leronem
645 4130 700 4197 luc
723 4131 852 4185 libratum
871 4145 897 4184 m
923 4147 956 4184 cu
977 4129 1103 4184 ordines
1129 4160 1160 4167 -
1185 4133 1236 4185 999
1259 4131 1361 4186 adserit
1379 4146 1408 4186 m
1430 4132 1519 4187 sedent
1536 4148 1564 4187 nr
1590 4086 1626 4170 -·

312 4229 364 4281 oss
388 4240 520 4295 poseo
544 4226 594 4281 uc
611 4226 647 4296 lg
671 4229 751 4283 ιιιιι
776 4205 894 4283 elusor
918 4227 1006 4283 rusa
1026 4242 1055 4282 ιιι
1079 4228 1207 4295 acestae
1231 4222 1337 4284 :aaa
1361 4230 1431 4284 neec
1455 4230 1576 4299 ιιιειιιει
1594 4246 1623 4285 ιιι

307 4324 478 4393 conudiclg
506 4355 538 4361 —
568 4327 620 4380 926
648 4326 758 4381 (boeto
787 4356 819 4363 —
849 4329 902 4381 998
929 4326 1074 4395 aspersu
1097 4343 1125 4381 m
1155 4327 1336 4396 prostratim
1368 4333 1504 4396 praestent
1521 4344 1560 4394 gr.
1591 4358 1622 4365 —

312 4424 364 4476 999
383 4407 506 4491 alimur
524 4423 560 4477 aa
577 4439 670 4492 ιιιιιιι
700 4460 734 4466 -
763 4427 816 4481 990
833 4427 943 4495 saepo
960 4442 981 4476 ιι
999 4426 1148 4494 amnem
1169 4454 1202 4462 -
1221 4426 1270 4479 aar
1292 4425 1412 4480 ιιιιιιιι
1443 4456 1474 4462 -
1504 4428 1555 4481 999
1574 4443 1624 4481 ιιι

309 4520 411 4590 sopitat
422 4535 450 4574 nr
461 4520 506 4586 (l)
517 4550 549 4558 -
562 4523 615 4576 934
623 4524 757 4591 patrisso
771 4554 803 4561 —
815 4527 867 4580 939
881 4525 964 4580 tutela
976 4524 1091 4578 dirorum
1103 4538 1120 4578 0
1134 4557 1169 4564 -
1183 4523 1233 4577 939
1246 4510 1411 4593 eumenidum
1424 4524 1435 4578 l
1453 4524 1625 4579 emerendum·

312 4635 362 4686 quc
378 4632 407 4672 m
437 4619 498 4687 (que
516 4619 571 4674 del.
592 4619 677 4685 corr.)
701 4620 785 4689 odorae
802 4638 830 4676 m
857 4640 923 4692 pars
945 4628 1017 4676 ceto
1048 4651 1080 4659 -
1110 4624 1160 4676 937
1184 4622 1238 4676 crit
1258 4636 1286 4676 nr
1314 4628 1374 4676 erat
1396 4640 1417 4673 ω
1449 4622 1574 4689 templum
1594 4638 1622 4677 m

313 4722 418 4785 tempus
434 4733 455 4767 ω
480 4695 607 4773 titutuso
629 4719 717 4787 ferio
744 4748 779 4756 —
808 4722 860 4774 940
885 4719 1000 4774 sottdoo
1024 4735 1167 4775 recureuc
1190 4719 1249 4783 (soli
1272 4720 1373 4774 dotare
1394 4720 1494 4775 eoencic
1517 4723 1625 4790 aquare

311 4816 449 4881 cursrcm)
471 4849 503 4856 -
524 4817 575 4870 943
591 4810 739 4884 ''fotcl-
758 4820 810 4871 944
830 4816 985 4903 olmpgo
1009 4846 1042 4855 -
1062 4821 1114 4870 945
1132 4823 1235 4871 artceo
1254 4833 1337 4885 queo
1365 4848 1392 4855 —
1417 4821 1468 4872 949
1488 4834 1571 4883 ormo
1592 4847 1623 4856 -

231 4954 234 4958 ,
314 4916 364 4967 917
384 4914 428 4966 illo
442 4929 457 4961 u
481 4943 508 4949 -
532 4917 582 4967 uta
604 4916 714 4968 terralo
733 4916 827 4969 noeroit
842 4932 858 4967 o
881 4944 908 4951 -·
931 4918 983 4968 990
1003 4922 1126 4984 terraque
1139 4931 1163 4969 0.
