4134 5834
849 599 935 656 Liber
952 598 1000 655 IV.
1038 599 1189 656 asa-309.

525 818 654 904 iamque
676 818 740 882 hnc
763 824 859 903 atque
882 816 958 880 illuc
983 815 1101 901 agilem
1125 822 1313 880 conuertere
1336 815 1465 879 clauum

526 933 559 990 et
581 926 710 990 frenare
733 931 835 990 ratem
858 925 1040 1010 fluctusque
1063 922 1219 988 effindere
1243 929 1357 1004 rectos,

527 1040 583 1098 aut
605 1033 702 1097 remis
726 1053 823 1119 agore
847 1039 879 1096 et
900 1033 1005 1096 lentas
1028 1031 1194 1095 inflectere
1217 1036 1341 1109 tonsas3

471 1164 512 1207 aas
526 1141 604 1227 quin
627 1140 790 1226 placidum
814 1139 918 1205 ductis
942 1161 1092 1204 euerrere
1116 1139 1238 1204 retibus
1262 1159 1384 1224 aequor

526 1248 737 1333 litoribusque
762 1249 828 1313 suis
851 1248 987 1333 populos
1011 1268 1172 1334 exponere
1196 1253 1306 1333 captos

527 1365 582 1423 aut
605 1379 705 1423 uncos
729 1358 834 1423 celare
858 1358 939 1422 cibis
960 1364 1016 1421 aut
1040 1378 1169 1421 carcere
1193 1356 1352 1421 fraudem.

526 1465 653 1530 naualis
677 1464 774 1530 etiam
799 1486 935 1551 pugnas,
959 1464 1136 1549 pendentia
1158 1464 1243 1528 bella

526 1574 707 1638 attribuunt
729 1571 901 1659 pelagique
924 1572 1062 1637 infectos
1087 1572 1244 1657 sanguine
1267 1571 1392 1636 fluetus.

472 1679 703 1746 amfecundum
727 1702 829 1765 genus
853 1688 902 1745 est
924 1681 1008 1744 natis
1032 1686 1066 1743 et
1088 1680 1193 1745 amica
1216 1680 1366 1764 uoluptas

527 1794 560 1852 et
583 1788 704 1853 celeres
728 1793 834 1852 motus
856 1793 1045 1872 mutataque
1069 1793 1184 1852 ennete
1205 1807 1263 1872 per
1286 1807 1415 1851 aeuum.

579 1896 638 1961 hos
661 1896 806 1960 tribuunt
830 1916 935 1960 mores
960 1900 1056 1979 atque
1080 1895 1139 1959 has
1162 1895 1370 1960 nascentibus
1393 1901 1479 1960 artes

525 2005 575 2069 bis
599 2026 656 2068 sex
679 2004 815 2068 materia
839 2003 969 2090 propria
993 2004 1148 2089 pollentia
1171 2004 1273 2087 signa.

526 2112 583 2176 sed
607 2112 688 2177 nihil
711 2112 744 2176 in
768 2119 871 2177 semet
894 2116 996 2176 totum
1021 2112 1121 2191 ualet;
1146 2112 1255 2176 omnia
1278 2110 1364 2176 uires

472 2243 513 2286 aas
527 2242 600 2284 cum
625 2222 719 2285 certis
744 2222 868 2285 sociant
890 2220 990 2305 signis
1014 2220 1074 2284 sub
1098 2219 1244 2305 partibus
1268 2220 1379 2303 aequis

526 2336 558 2392 et
583 2328 672 2392 uelut
694 2328 833 2414 hospitio
858 2328 971 2393 mundi
995 2329 1189 2393 commercia
1212 2329 1351 2413 iungunt

472 2457 512 2501 aar
527 2436 772 2520 conceduntque
796 2457 871 2501 suas
894 2442 1003 2522 partes
1026 2435 1240 2500 retinentibus
1263 2436 1367 2500 astris.

472 2566 512 2609 aas
526 2566 546 2607 a
568 2566 703 2608 numero
726 2566 845 2609 nomen
867 2545 1008 2630 positum
1032 2551 1091 2625 est,
1116 2544 1202 2628 quod
1225 2544 1372 2630 partibus
1395 2548 1481 2607 astra

473 2674 513 2717 eoo
527 2652 656 2716 condita
679 2653 810 2717 tricenis
835 2652 952 2736 triplici
977 2652 1037 2717 sub
1061 2660 1146 2716 sorte
1170 2652 1319 2717 feruntur

527 2766 559 2823 et
582 2758 728 2823 tribuunt
751 2760 851 2824 denas
874 2761 908 2824 in
932 2782 966 2824 se
991 2760 1181 2826 coeuntibus
1205 2761 1309 2833 astris,

527 2867 625 2951 inque
650 2868 755 2931 uicem
780 2868 879 2931 ternis
902 2867 1091 2931 habitantur
1114 2867 1221 2932 sidera
1244 2866 1353 2951 signis.

527 2974 573 3037 sic
597 2976 669 3038 altis
693 2981 810 3039 natura
832 2982 940 3039 manet
964 2981 1139 3061 consaepta
1161 2973 1313 3053 tenebris,

527 3089 559 3146 et
583 3104 696 3148 uerum
720 3084 754 3148 in
778 3104 874 3148 caeco
897 3089 946 3147 est
968 3083 1135 3167 multaque
1160 3082 1331 3167 ambagine
1356 3101 1472 3146 rernm.

473 3211 513 3254 sos
527 3211 587 3254 nec
611 3190 719 3255 breuis
743 3197 792 3256 est
815 3214 902 3273 usus,
925 3212 986 3255 nec
1011 3198 1098 3254 amat
1121 3189 1313 3275 compendia
1336 3190 1470 3270 caelum,

528 3320 640 3363 nerum
666 3298 736 3363 aliis
760 3299 823 3363 alia
847 3300 994 3385 opposita
1018 3305 1067 3363 est
1089 3305 1122 3363 et
1144 3299 1228 3363 fallit
1250 3299 1357 3383 imago

527 3407 744 3492 mentiturque
769 3429 843 3473 suas
866 3408 952 3473 uires
976 3414 1008 3472 et
1030 3407 1164 3472 nomina
1187 3407 1280 3472 celat.

528 3535 611 3598 quae
634 3515 693 3580 tibi
716 3537 781 3581 non
805 3515 915 3590 oculis,
940 3516 1006 3581 alta
1030 3516 1087 3580 sed
1110 3522 1218 3581 mente
1241 3514 1387 3600 fuganda
1410 3519 1458 3578 est

528 3622 643 3707 caligo,
667 3624 861 3709 penitusque
885 3624 965 3689 deus
988 3646 1054 3689 non
1077 3624 1183 3689 fronte
1207 3622 1378 3689 notandus.

374 3756 587 3776 Q

474 3844 525 3897 282
542 3844 595 3898 bac
611 3848 691 3913 atque
707 3844 872 3915 caligineml
885 3845 914 3912 (r
927 3844 958 3900 in
973 3846 1077 3915 marg.)
1095 3847 1147 3901 buc
1159 3846 1247 3914 adque
1256 3844 1308 3899 buc
1319 3844 1489 3912 alternans
1504 3841 1631 3912 (alteiae
1640 3838 1681 3907 m)

367 3941 419 3995 hac
430 3946 510 4009 atque
521 3942 589 3997 illac
601 3942 733 4012 alr‘qemg
750 3970 783 3979 -
802 3943 853 3997 283
867 3945 1008 4013 offendere
1020 3943 1043 4010 (i
1055 3957 1091 3999 ex
1103 3962 1123 3997 a
1136 3957 1207 3997 corr.
1221 3941 1242 4008 l)
1261 3941 1427 4012 effundereo
1447 3969 1479 3978 -
1498 3942 1551 3996 284
1563 3954 1681 4008 reraoass

367 4040 449 4094 rernm
461 4054 483 4089 ω
506 4040 645 4109 agitareg
667 4058 747 4111 agera
759 4058 781 4092 ro
800 4040 907 4111 (appare
920 4042 961 4107 m)
984 4043 1094 4097 edentes
1108 4056 1136 4095 m
1161 4045 1186 4095 et
1206 4042 1292 4096 tentas
1304 4055 1326 4091 ω
1348 4038 1484 4107 inflectere
1502 4036 1592 4095 tonsae
1609 4053 1626 4093 o
1646 4065 1678 4074 -

368 4138 420 4192 285
448 4139 545 4206 quido
573 4154 739 4195 eammm
767 4145 920 4195 euertereo
948 4169 979 4178 -
1007 4140 1058 4194 282
1078 4140 1213 4195 iemooam
1238 4167 1271 4176 -
1296 4139 1348 4193 288
1370 4128 1505 4206 Μωαῌεί
1527 4138 1680 4194 acuatum

367 4237 481 4291 nauales
494 4250 534 4304 gc
554 4266 586 4275 -
605 4238 657 4293 289
677 4238 795 4293 luctare
814 4267 844 4276 —-
865 4239 918 4293 290
935 4236 1032 4293 adtiel
1051 4238 1146 4292 nemis
1158 4252 1198 4306 gc
1215 4238 1290 4293 natis
1302 4252 1333 4292 m
1350 4213 1503 4305 aotazitml
1520 4212 1682 4303 aotaaitaag

368 4334 523 4404 uoluptate
546 4336 676 4391 uoluntas
689 4350 719 4390 m
745 4365 777 4373 -
800 4337 870 4391 aute
889 4339 940 4391 294
961 4337 1085 4391 decom
1101 4350 1131 4390 1n
1151 4333 1195 4402 (L)
1219 4363 1253 4373 -
1277 4337 1329 4390 294
1347 4337 1378 4390 ia
1397 4339 1482 4391 tottam
1499 4339 1581 4389 sanet
1598 4348 1627 4388 tn
1647 4366 1682 4373 -

370 4434 420 4487 299
444 4432 570 4489 sotiantl
598 4461 631 4471 -
660 4433 711 4489 296
730 4435 882 4505 teepieiog
911 4463 943 4470 -
972 4436 1023 4488 297
1039 4424 1157 4504 perdel
1175 4437 1269 4505 partes
1281 4449 1303 4485 ω
1332 4461 1364 4470 -
1393 4434 1445 4488 298
1467 4446 1570 4488 uersus
1588 4431 1682 4487 instar

368 4530 509 4587 tradItur:
529 4550 612 4601 qaam
621 4537 734 4602 partem
748 4535 866 4604 degam
879 4533 972 4587 dixere
985 4533 1111 4588 decanica
1120 4537 1222 4602 pentec.
1247 4522 1369 4603 dedabal
1388 4533 1516 4601 deportet
1536 4532 1682 4598 decanaeg

369 4630 487 4700 depende
506 4645 535 4684 m
562 4632 692 4687 dmerco
715 4629 810 4700 [ditem
832 4630 866 4686 V.
885 4629 910 4698 l]
939 4632 1100 4687 decaniaco
1126 4660 1157 4669 -
1182 4633 1233 4685 299
1259 4634 1305 4687 Aa
1328 4628 1385 4685 cal
1410 4648 1559 4685 annumero
1579 4644 1606 4683 m
1631 4627 1681 4695 (M)

367 4745 478 4783 aamem
491 4743 519 4783 m
538 4747 638 4784 namen
654 4728 686 4783 lc
704 4748 801 4785 nomen
815 4746 834 4798 g
846 4730 917 4797 (uss.
931 4731 1070 4785 298-901
1086 4728 1146 4784 des.
1160 4728 1189 4785 in
1210 4744 1241 4800 nl
1261 4728 1369 4785 adsunt
1386 4727 1416 4782 in
1438 4727 1481 4797 oq)
1502 4756 1534 4764 —
1552 4728 1605 4781 303
1623 4745 1682 4782 wn-

368 4833 484 4895 wentae
498 4826 719 4898 -30405nolg
737 4830 819 4901 oqtoc
837 4845 913 4883 caeco
928 4842 956 4882 m
974 4829 1065 4884 multa
1079 4826 1347 4897 ag-306aliral
1361 4854 1393 4864 -
1407 4827 1459 4882 307
1473 4826 1578 4881 celuim
1593 4823 1680 4893 (L)—

369 4927 421 4981 308
440 4925 499 4982 alia
511 4939 540 4980 o.

1573 5027 1610 5087 Ἰ*
