4134 5834
822 640 909 698 leer
926 640 974 697 1v.
1011 642 1126 696 46-74.

480 861 566 947 quod
590 860 702 926 consul
726 860 851 925 totiena
866 859 950 941 exul,
975 858 1062 944 quod
1085 857 1125 922 de
1149 856 1242 921 exule
1267 855 1377 920 consul

481 968 622 1034 adiaouit
643 967 774 1054 Libycis
797 987 930 1051 compar
952 967 1077 1031 iactura
1099 964 1202 1030 ruinis

481 1096 564 1160 eque
587 1074 805 1161 crepidinibus
829 1075 914 1160 oepit
937 1072 1145 1159 Carthaginis
1168 1071 1292 1148 urbem,

481 1184 542 1248 hoo
564 1183 627 1248 nisi
649 1182 717 1247 lata
740 1182 864 1263 darent,
888 1202 1066 1267 numquam
1090 1181 1220 1245 fortuna
1243 1177 1378 1243 tulisset.

441 1314 469 1357 eo
482 1291 554 1376 quis
577 1296 609 1355 te
632 1289 757 1355 Niliaco
780 1290 960 1375 periturum
983 1289 1088 1370 litore,
1111 1286 1240 1373 Magne,

481 1404 554 1483 post
575 1398 679 1463 uictas
700 1396 895 1462 Mithridatis
918 1417 996 1482 opes
1019 1397 1219 1483 pelagusque
1243 1399 1409 1481 receptum

481 1510 515 1569 et
536 1504 593 1570 tris
616 1525 747 1570 emenso
769 1506 902 1569 meritos
925 1526 965 1569 ex
988 1503 1066 1569 orbe
1090 1501 1282 1588 triumphos,

483 1613 645 1678 numiam
669 1614 766 1678 etiam
790 1634 900 1699 posses
924 1613 1023 1677 alium
1049 1632 1240 1690 oomponere
1262 1609 1427 1694 Magnum,

482 1720 637 1801 crederet,
662 1727 697 1786 ut
720 1743 837 1808 eorpus
860 1722 1012 1807 sepeliret
1033 1719 1212 1803 naufragus
1235 1719 1330 1803 ignis,

441 1828 669 1913 aeeieotaequo
693 1850 806 1914 rogum
830 1828 976 1893 facerent
999 1828 1183 1911 fragmenta
1206 1823 1357 1888 sannae?

484 1936 555 2019 quis
580 1941 704 2001 tantum
728 1942 853 2001 mutare
877 1941 983 2021 potest
1005 1934 1074 2000 sine
1098 1933 1230 1998 numine
1254 1930 1335 1996 fati?

483 2041 537 2107 ille
560 2044 659 2108 etiam
683 2044 772 2108 caelo
796 2044 924 2128 genitus
948 2044 1103 2128 caeloque
1126 2046 1285 2126 receptus,

484 2172 556 2215 oum
581 2152 663 2216 bene
686 2152 872 2237 compositis
896 2151 1000 2218 uictor
1023 2151 1172 2215 ciuilibus
1197 2148 1294 2213 armis

484 2258 556 2323 iura
578 2265 673 2345 togae
696 2267 832 2344 regeret,
856 2261 973 2325 totiens
996 2258 1164 2345 praedicta
1185 2277 1301 2321 cauere

442 2389 470 2433 so
484 2367 620 2433 uulnera
644 2390 709 2434 non
732 2370 838 2455 potuit
860 2374 926 2434 toto
951 2374 1116 2455 spectante
1140 2371 1253 2430 senatu

484 2472 640 2541 indicium
664 2476 777 2541 dextra
799 2477 941 2541 retinens
964 2491 1150 2559 nomenque
1173 2494 1287 2537 eruore

485 2581 606 2647 deleuit
627 2584 768 2670 proprio,
791 2590 923 2670 possent
945 2589 981 2647 ut
1003 2582 1136 2648 uincere
1159 2580 1237 2646 fata.

485 2688 563 2772 quid
586 2710 755 2755 numerem
779 2711 910 2756 euersas
934 2690 1030 2755 urbes
1054 2710 1233 2774 regumque
1256 2688 1366 2752 minas
1453 2747 1472 2774 ¹.

485 2796 583 2881 iuque
606 2819 685 2883 rogo
710 2796 867 2863 Croesum
891 2798 1123 2883 Priamumque
1140 2799 1173 2860 in
1197 2795 1289 2859 litore
1314 2800 1386 2857 trun
1428 2781 1473 2870 in,

444 2925 472 2968 eo
486 2903 536 2967 oui
560 2927 621 2970 neo
644 2904 743 2970 Troia
765 2906 885 2990 rogus?
931 2905 1009 2989 quid
1031 2904 1176 2969 Xerxem
1201 2902 1306 2966 maius
1364 2900 1453 2985 ‘ipso

486 3010 691 3097 naufragium
715 3013 853 3098 pelago?
900 3011 978 3096 quid
1001 3017 1095 3096 capto
1119 3010 1278 3094 sanguine
1338 3028 1411 3092 gem

485 3113 642 3184 Romanis
664 3119 826 3206 positum?
872 3125 1047 3205 raptosque
1071 3140 1110 3182 ex
1133 3117 1262 3203 ignibus
1320 3136 1378 3179 nes

486 3225 718 3312 cedentemque
742 3229 812 3292 uiro
836 3227 1012 3310 flammam,
1038 3227 1093 3311 qui
1117 3225 1238 3310 templa
1274 3219 1406 3287 orabat?

487 3338 565 3415 quot
587 3333 712 3400 subitae
736 3336 871 3400 ueniunt
893 3335 1074 3400 ualidorum
1098 3334 1130 3398 in
1157 3352 1292 3417 corpora
1315 3333 1433 3392 mortes

446 3458 584 3523 rasoque
608 3441 697 3527 ipsae
719 3463 830 3507 rursus
853 3441 984 3527 lugiunt
1006 3447 1180 3525 errantque
1204 3460 1263 3524 per
1285 3429 1398 3520 ignes‘l

486 3567 526 3610 ex
548 3547 627 3634 ipsis
650 3549 783 3634 quidam
806 3549 883 3615 elati
905 3549 1032 3614 rediere
1056 3548 1228 3635 sepulcris3

486 3661 583 3740 atque
607 3656 656 3720 his
681 3658 748 3721 uita
771 3657 902 3743 duplex,
926 3658 989 3721 illis
1012 3658 1067 3721 uix
1092 3655 1226 3739 contigit
1249 3672 1323 3717 una.

487 3783 561 3827 ecoe
585 3764 665 3828 leuis
688 3763 819 3850 perimit
842 3764 973 3829 morbus
997 3765 1194 3849 grauiorque
1217 3757 1360 3844 remittit,
1479 3838 1481 3842 y

487 3871 701 3936 succumbunt
723 3878 809 3937 artes
832 3873 976 3954 rationis,
1000 3872 1142 3936 uincitur
1165 3890 1257 3946 usus3

434 4138 468 4190 46
483 4122 571 4206 qaobl
586 4139 686 4206 quode
703 4125 918 4208 qaoil⁰²mrlel
934 4137 1140 4208 qwdenukm
1156 4134 1336 4205 qteteaeuloo
1351 4128 1641 4202 quodqueexuleg—

327 4236 362 4288 n
380 4210 525 4290 baaru
542 4237 662 4304 aasgm
682 4238 876 4292 asuesc-
892 4239 1044 4305 aarum
1064 4235 1287 4306 tresolanum
1304 4228 1444 4298 arcalgc
1462 4227 1590 4283 mmmm
1606 4251 1641 4260 -

327 4334 361 4435 Ι49
385 4349 516 4442 “w
532 4348 560 4388 m
590 4362 623 4370 -
653 4336 688 4389 50
712 4340 737 4390 te
759 4336 870 4391 Niliooo
889 4336 1057 4404 operituram
1074 4349 1103 4389 m
1132 4368 1167 4375 —
1195 4332 1227 4388 51
1252 4326 1428 4387 mitridatial
1449 4322 1642 4394 mitrydatag

329 4460 418 4512 rados
436 4458 576 4513 mandalia
589 4473 619 4513 m
633 4492 666 4499 -
679 4460 713 4512 52
732 4445 807 4514 trial
827 4461 880 4515 trra
892 4473 945 4528 ειη
965 4463 1049 4515 trec
1067 4492 1101 4501 -
1121 4459 1156 4514 53
1170 4440 1285 4528 possim
1305 4457 1394 4526 maaet
1406 4466 1434 4506 m
1460 4459 1641 4520 mmmm

327 4554 527 4625 componerem
545 4573 671 4625 apem
685 4572 714 4612 m
732 4586 765 4594 -
785 4558 819 4612 55
839 4557 1016 4625 emaque
1040 4585 1073 4594 -
1096 4558 1132 4612 oa
1151 4558 1259 4611 naara
1277 4554 1380 4610 astruo
1393 4565 1422 4604 m
1447 4576 1479 4586 -
1500 4549 1533 4601 so
1552 4531 1614 4599 iuri
1630 4542 1641 4598 1

328 4653 420 4762 iuratp
442 4671 522 4723 quere
541 4656 615 4724 gerit
632 4668 659 4708 m
676 4654 720 4722 (b)
739 4683 774 4692 -
794 4658 826 4710 61
850 4655 984 4709 inditium
1001 4654 1036 4722 lg
1058 4655 1193 4710 iudicium
1210 4668 1240 4708 m
1268 4679 1301 4691 -
1331 4651 1364 4706 63
1387 4649 1462 4705 orbe
1482 4660 1511 4700 m
1534 4642 1579 4709 (1¹)
1608 4668 1641 4678 ’-

328 4779 362 4831 64
381 4735 525 4834 οῑὲξὲιῒηί
540 4780 717 4850 primumque
730 4794 758 4833 m
778 4808 811 4816 -
834 4780 868 4833 65
887 4780 936 4847 qui
955 4745 1150 4834 {ammaim
1174 4781 1272 4848 qnider
1292 4794 1389 4835 nermo
1406 4774 1452 4828 ius
1465 4785 1492 4824 m
1517 4769 1642 4832 Xerses
1708 4781 1713 4789 '

327 4891 469 4931 moresne
489 4906 522 4915 -
542 4877 729 4946 eeqaoalgo
747 4878 855 4946 quidm
876 4906 909 4915 —
930 4876 1197 4947 68quit.sereboto
1216 4907 1252 4915 —
1270 4850 1391 4947 eaqoil
1409 4869 1515 4939 qundo>
1533 4860 1642 4920 inoml

329 4970 396 5028 add.
411 4988 483 5033 corr.
499 4978 529 5030 in
542 4990 598 5032 om.
612 4991 641 5034 m
655 5005 687 5014 -—
702 4978 733 5034 71
755 4976 905 5051 sepulchris
917 4975 962 5031 lm
982 5004 1014 5017 -
1035 4976 1070 5036 72
1089 4977 1220 5047 manmit
1233 4990 1261 5037 m
1276 5004 1308 5013 -
1322 4977 1357 5032 78
1375 4963 1476 5029 morbis
1487 4964 1507 5019 l·
