<?xml version="1.0" encoding="UTF-8"?>
<!DOCTYPE html PUBLIC "-//W3C//DTD XHTML 1.0 Transitional//EN"
    "http://www.w3.org/TR/xhtml1/DTD/xhtml1-transitional.dtd">
<html xmlns="http://www.w3.org/1999/xhtml" xml:lang="en" lang="en">
 <head>
  <title>
</title>
<meta http-equiv="Content-Type" content="text/html;charset=utf-8" />
  <meta name='ocr-system' content='tesseract 3.04.00' />
  <meta name='ocr-capabilities' content='ocr_page ocr_carea ocr_par ocr_line ocrx_word'/>
</head>
<body>
  <div class='ocr_page' id='page_1' title='image "./mmaniliiastrono00breigoog/mmaniliiastrono00breigoog_0027.png"; bbox 0 0 4134 5834; ppageno 0'>
   <div class='ocr_carea' id='block_1_1' title="bbox 880 630 1193 688">
    <p class='ocr_par' dir='ltr' id='par_1_1' title="bbox 880 630 1193 688">
     <span class='ocr_line' id='line_1_1' title="bbox 880 630 1193 688; baseline 0.003 -2"><span class='ocrx_word' id='word_1_1' title='bbox 880 630 965 686; x_wconf 85' lang='lat' dir='ltr'>Liber</span> <span class='ocrx_word' id='word_1_2' title='bbox 984 631 1005 686; x_wconf 93' lang='grc'><strong>1.</strong></span> <span class='ocrx_word' id='word_1_3' title='bbox 1046 633 1193 688; x_wconf 79' lang='lat' dir='ltr'>rae-219.</span> 
     </span>
    </p>
   </div>
   <div class='ocr_carea' id='block_1_2' title="bbox 487 846 1457 1472">
    <p class='ocr_par' dir='ltr' id='par_1_2' title="bbox 539 846 1299 1039">
     <span class='ocr_line' id='line_1_2' title="bbox 540 846 1299 933; baseline 0.001 -22"><span class='ocrx_word' id='word_1_4' title='bbox 540 851 572 911; x_wconf 91' lang='lat' dir='ltr'>et</span> <span class='ocrx_word' id='word_1_5' title='bbox 595 852 711 911; x_wconf 90' lang='lat' dir='ltr'>natura</span> <span class='ocrx_word' id='word_1_6' title='bbox 736 846 804 910; x_wconf 87' lang='lat' dir='ltr'>uias</span> <span class='ocrx_word' id='word_1_7' title='bbox 828 853 944 925; x_wconf 82' lang='lat' dir='ltr'>seruet,</span> <span class='ocrx_word' id='word_1_8' title='bbox 970 868 1050 931; x_wconf 89' lang='lat' dir='ltr'>quas</span> <span class='ocrx_word' id='word_1_9' title='bbox 1075 847 1197 912; x_wconf 76' lang='lat' dir='ltr'>fecerat</span> <span class='ocrx_word' id='word_1_10' title='bbox 1219 848 1299 933; x_wconf 86' lang='lat' dir='ltr'>ipsa,</span> 
     </span>
     <span class='ocr_line' id='line_1_3' title="bbox 539 953 1261 1039; baseline 0 -19"><span class='ocrx_word' id='word_1_11' title='bbox 539 976 599 1020; x_wconf 91' lang='lat' dir='ltr'>nec</span> <span class='ocrx_word' id='word_1_12' title='bbox 620 953 767 1019; x_wconf 87' lang='lat' dir='ltr'>tirocinio</span> <span class='ocrx_word' id='word_1_13' title='bbox 792 960 904 1038; x_wconf 87' lang='lat' dir='ltr'>peccet</span> <span class='ocrx_word' id='word_1_14' title='bbox 927 954 1113 1039; x_wconf 77' lang='lat' dir='ltr'><strong>circumque</strong></span> <span class='ocrx_word' id='word_1_15' title='bbox 1137 955 1261 1020; x_wconf 85' lang='lat' dir='ltr'>feratur</span> 
     </span>
    </p>

    <p class='ocr_par' dir='ltr' id='par_1_3' title="bbox 487 1061 1457 1472">
     <span class='ocr_line' id='line_1_4' title="bbox 487 1061 1457 1149; baseline 0.002 -22"><span class='ocrx_word' id='word_1_16' title='bbox 487 1086 526 1127; x_wconf 83' lang='grc'>000</span> <span class='ocrx_word' id='word_1_17' title='bbox 541 1068 673 1126; x_wconf 88' lang='lat' dir='ltr'>aeterna</span> <span class='ocrx_word' id='word_1_18' title='bbox 696 1082 770 1126; x_wconf 89' lang='lat' dir='ltr'>curn</span> <span class='ocrx_word' id='word_1_19' title='bbox 793 1061 866 1125; x_wconf 88' lang='lat' dir='ltr'>luce</span> <span class='ocrx_word' id='word_1_20' title='bbox 890 1061 969 1143; x_wconf 88' lang='lat' dir='ltr'>dies,</span> <span class='ocrx_word' id='word_1_21' title='bbox 994 1063 1081 1147; x_wconf 90' lang='lat' dir='ltr'>quod</span> <span class='ocrx_word' id='word_1_22' title='bbox 1105 1069 1252 1149; x_wconf 86' lang='lat' dir='ltr'>tempora</span> <span class='ocrx_word' id='word_1_23' title='bbox 1276 1069 1457 1129; x_wconf 88' lang='lat' dir='ltr'>monstrant</span> 
     </span>
     <span class='ocr_line' id='line_1_5' title="bbox 539 1169 1366 1255; baseline 0.004 -21"><span class='ocrx_word' id='word_1_24' title='bbox 539 1191 624 1234; x_wconf 90' lang='lat' dir='ltr'>nunc</span> <span class='ocrx_word' id='word_1_25' title='bbox 648 1170 698 1233; x_wconf 89' lang='lat' dir='ltr'>his</span> <span class='ocrx_word' id='word_1_26' title='bbox 723 1191 808 1233; x_wconf 87' lang='lat' dir='ltr'>nunc</span> <span class='ocrx_word' id='word_1_27' title='bbox 832 1169 895 1233; x_wconf 89' lang='lat' dir='ltr'>illis</span> <span class='ocrx_word' id='word_1_28' title='bbox 919 1171 1034 1234; x_wconf 85' lang='lat' dir='ltr'>eadem</span> <span class='ocrx_word' id='word_1_29' title='bbox 1058 1171 1245 1255; x_wconf 79' lang='lat' dir='ltr'>regionibus</span> <span class='ocrx_word' id='word_1_30' title='bbox 1269 1172 1366 1251; x_wconf 87' lang='lat' dir='ltr'>orbis,</span> 
     </span>
     <span class='ocr_line' id='line_1_6' title="bbox 539 1276 1398 1362; baseline 0.003 -21"><span class='ocrx_word' id='word_1_31' title='bbox 539 1298 666 1362; x_wconf 90' lang='lat' dir='ltr'>semper</span> <span class='ocrx_word' id='word_1_32' title='bbox 689 1282 722 1340; x_wconf 92' lang='lat' dir='ltr'>et</span> <span class='ocrx_word' id='word_1_33' title='bbox 744 1276 878 1340; x_wconf 82' lang='lat' dir='ltr'>ulterior</span> <span class='ocrx_word' id='word_1_34' title='bbox 901 1278 1095 1342; x_wconf 83' lang='lat' dir='ltr'>cadentibus</span> <span class='ocrx_word' id='word_1_35' title='bbox 1119 1285 1208 1343; x_wconf 90' lang='lat' dir='ltr'>ortus</span> <span class='ocrx_word' id='word_1_36' title='bbox 1232 1280 1272 1343; x_wconf 90' lang='lat' dir='ltr'>ad</span> <span class='ocrx_word' id='word_1_37' title='bbox 1298 1287 1398 1360; x_wconf 86' lang='lat' dir='ltr'>ortus,</span> 
     </span>
     <span class='ocr_line' id='line_1_7' title="bbox 540 1384 1407 1472; baseline 0.001 -23"><span class='ocrx_word' id='word_1_38' title='bbox 540 1405 732 1449; x_wconf 87' lang='lat' dir='ltr'>occasumus</span> <span class='ocrx_word' id='word_1_39' title='bbox 756 1384 877 1449; x_wconf 92' lang='lat' dir='ltr'>obitus:</span> <span class='ocrx_word' id='word_1_40' title='bbox 903 1386 1027 1449; x_wconf 89' lang='lat' dir='ltr'>caelum</span> <span class='ocrx_word' id='word_1_41' title='bbox 1053 1407 1126 1450; x_wconf 91' lang='lat' dir='ltr'>cum</span> <span class='ocrx_word' id='word_1_42' title='bbox 1150 1388 1217 1451; x_wconf 91' lang='lat' dir='ltr'>sole</span> <span class='ocrx_word' id='word_1_43' title='bbox 1239 1394 1407 1472; x_wconf 80' lang='lat' dir='ltr'>perennat.</span> 
     </span>
    </p>
   </div>
   <div class='ocr_carea' id='block_1_3' title="bbox 485 1510 1561 4285">
    <p class='ocr_par' dir='ltr' id='par_1_4' title="bbox 485 1510 1561 4285">
     <span class='ocr_line' id='line_1_8' title="bbox 592 1510 1317 1576; baseline 0.003 -2"><span class='ocrx_word' id='word_1_44' title='bbox 592 1531 653 1575; x_wconf 88' lang='lat' dir='ltr'>nec</span> <span class='ocrx_word' id='word_1_45' title='bbox 677 1531 755 1575; x_wconf 92' lang='lat' dir='ltr'>uero</span> <span class='ocrx_word' id='word_1_46' title='bbox 780 1510 971 1574; x_wconf 88' lang='lat' dir='ltr'>admiranda</span> <span class='ocrx_word' id='word_1_47' title='bbox 992 1511 1051 1575; x_wconf 92' lang='lat' dir='ltr'>tibi</span> <span class='ocrx_word' id='word_1_48' title='bbox 1074 1518 1191 1576; x_wconf 88' lang='lat' dir='ltr'>natura</span> <span class='ocrx_word' id='word_1_49' title='bbox 1214 1513 1317 1576; x_wconf 90' lang='lat' dir='ltr'>uideri</span> 
     </span>
     <span class='ocr_line' id='line_1_9' title="bbox 487 1618 1323 1706; baseline 0.001 -24"><span class='ocrx_word' id='word_1_50' title='bbox 487 1618 709 1703; x_wconf 79' lang='lat' dir='ltr'>respondentis</span> <span class='ocrx_word' id='word_1_51' title='bbox 734 1624 838 1682; x_wconf 89' lang='lat' dir='ltr'>terrae</span> <span class='ocrx_word' id='word_1_52' title='bbox 862 1618 968 1697; x_wconf 85' lang='lat' dir='ltr'>debet,</span> <span class='ocrx_word' id='word_1_53' title='bbox 993 1640 1067 1682; x_wconf 91' lang='lat' dir='ltr'>curu</span> <span class='ocrx_word' id='word_1_54' title='bbox 1091 1620 1232 1703; x_wconf 83' lang='lat' dir='ltr'>pendeat</span> <span class='ocrx_word' id='word_1_55' title='bbox 1254 1621 1323 1706; x_wconf 91' lang='lat' dir='ltr'>ipse</span> 
     </span>
     <span class='ocr_line' id='line_1_10' title="bbox 540 1725 1321 1811; baseline 0.004 -23"><span class='ocrx_word' id='word_1_56' title='bbox 540 1725 679 1789; x_wconf 89' lang='lat' dir='ltr'>mundus</span> <span class='ocrx_word' id='word_1_57' title='bbox 703 1731 734 1789; x_wconf 84' lang='lat' dir='ltr'>et</span> <span class='ocrx_word' id='word_1_58' title='bbox 758 1726 791 1789; x_wconf 94' lang='lat' dir='ltr'>in</span> <span class='ocrx_word' id='word_1_59' title='bbox 816 1726 903 1789; x_wconf 90' lang='lat' dir='ltr'>nullo</span> <span class='ocrx_word' id='word_1_60' title='bbox 927 1735 1027 1811; x_wconf 86' lang='lat' dir='ltr'>ponat</span> <span class='ocrx_word' id='word_1_61' title='bbox 1051 1727 1188 1811; x_wconf 81' lang='lat' dir='ltr'>uestigia</span> <span class='ocrx_word' id='word_1_62' title='bbox 1212 1726 1321 1800; x_wconf 85' lang='lat' dir='ltr'>fundo,</span> 
     </span>
     <span class='ocr_line' id='line_1_11' title="bbox 538 1834 1366 1919; baseline 0.004 -23"><span class='ocrx_word' id='word_1_63' title='bbox 538 1834 623 1918; x_wconf 89' lang='lat' dir='ltr'>quod</span> <span class='ocrx_word' id='word_1_64' title='bbox 649 1838 738 1918; x_wconf 89' lang='lat' dir='ltr'>patet</span> <span class='ocrx_word' id='word_1_65' title='bbox 761 1854 801 1896; x_wconf 85' lang='lat' dir='ltr'>ex</span> <span class='ocrx_word' id='word_1_66' title='bbox 823 1834 893 1918; x_wconf 90' lang='lat' dir='ltr'>ipso</span> <span class='ocrx_word' id='word_1_67' title='bbox 917 1841 1007 1898; x_wconf 91' lang='lat' dir='ltr'>motu</span> <span class='ocrx_word' id='word_1_68' title='bbox 1031 1855 1192 1919; x_wconf 85' lang='lat' dir='ltr'>cursuque</span> <span class='ocrx_word' id='word_1_69' title='bbox 1216 1836 1366 1916; x_wconf 87' lang='lat' dir='ltr'>uolantis,</span> 
     </span>
     <span class='ocr_line' id='line_1_12' title="bbox 540 1939 1435 2027; baseline 0.003 -23"><span class='ocrx_word' id='word_1_70' title='bbox 540 1962 613 2004; x_wconf 91' lang='lat' dir='ltr'>curu</span> <span class='ocrx_word' id='word_1_71' title='bbox 637 1962 812 2025; x_wconf 87' lang='lat' dir='ltr'>suspensus</span> <span class='ocrx_word' id='word_1_72' title='bbox 836 1948 889 2005; x_wconf 83' lang='lat' dir='ltr'>eat</span> <span class='ocrx_word' id='word_1_73' title='bbox 911 1939 1063 2006; x_wconf 91' lang='lat' dir='ltr'>Phoebus</span> <span class='ocrx_word' id='word_1_74' title='bbox 1087 1963 1266 2027; x_wconf 88' lang='lat' dir='ltr'>currusque</span> <span class='ocrx_word' id='word_1_75' title='bbox 1291 1942 1435 2007; x_wconf 89' lang='lat' dir='ltr'>reflectat</span> 
     </span>
     <span class='ocr_line' id='line_1_13' title="bbox 540 2048 1360 2132; baseline 0.001 -20"><span class='ocrx_word' id='word_1_76' title='bbox 540 2049 603 2113; x_wconf 92' lang='lat' dir='ltr'>huc</span> <span class='ocrx_word' id='word_1_77' title='bbox 626 2049 702 2112; x_wconf 89' lang='lat' dir='ltr'>illue</span> <span class='ocrx_word' id='word_1_78' title='bbox 725 2048 819 2132; x_wconf 83' lang='lat' dir='ltr'>agilis</span> <span class='ocrx_word' id='word_1_79' title='bbox 842 2054 875 2111; x_wconf 91' lang='lat' dir='ltr'>et</span> <span class='ocrx_word' id='word_1_80' title='bbox 897 2056 1006 2113; x_wconf 90' lang='lat' dir='ltr'>seruet</span> <span class='ocrx_word' id='word_1_81' title='bbox 1030 2051 1062 2112; x_wconf 92' lang='lat' dir='ltr'>in</span> <span class='ocrx_word' id='word_1_82' title='bbox 1087 2050 1219 2115; x_wconf 86' lang='lat' dir='ltr'>aethere</span> <span class='ocrx_word' id='word_1_83' title='bbox 1243 2057 1360 2129; x_wconf 81' lang='lat' dir='ltr'>metas3</span> 
     </span>
     <span class='ocr_line' id='line_1_14' title="bbox 485 2155 1428 2242; baseline 0.002 -23"><span class='ocrx_word' id='word_1_84' title='bbox 485 2179 525 2219; x_wconf 81' lang='lat' dir='ltr'>roo</span> <span class='ocrx_word' id='word_1_85' title='bbox 539 2176 613 2220; x_wconf 90' lang='lat' dir='ltr'>cum</span> <span class='ocrx_word' id='word_1_86' title='bbox 637 2156 714 2219; x_wconf 90' lang='lat' dir='ltr'>luna</span> <span class='ocrx_word' id='word_1_87' title='bbox 738 2163 770 2219; x_wconf 89' lang='lat' dir='ltr'>et</span> <span class='ocrx_word' id='word_1_88' title='bbox 792 2155 905 2220; x_wconf 85' lang='lat' dir='ltr'>stellae</span> <span class='ocrx_word' id='word_1_89' title='bbox 930 2157 1066 2220; x_wconf 88' lang='lat' dir='ltr'>uolitant</span> <span class='ocrx_word' id='word_1_90' title='bbox 1089 2157 1280 2242; x_wconf 83' lang='lat' dir='ltr'>perinanis</span> <span class='ocrx_word' id='word_1_91' title='bbox 1303 2157 1428 2237; x_wconf 86' lang='lat' dir='ltr'>mundi,</span> 
     </span>
     <span class='ocr_line' id='line_1_15' title="bbox 539 2263 1354 2350; baseline 0.002 -25"><span class='ocrx_word' id='word_1_92' title='bbox 539 2270 626 2326; x_wconf 87' lang='lat' dir='ltr'>terra</span> <span class='ocrx_word' id='word_1_93' title='bbox 650 2284 778 2348; x_wconf 89' lang='lat' dir='ltr'>quoque</span> <span class='ocrx_word' id='word_1_94' title='bbox 803 2263 907 2327; x_wconf 84' lang='lat' dir='ltr'>aerias</span> <span class='ocrx_word' id='word_1_95' title='bbox 931 2264 1020 2348; x_wconf 83' lang='lat' dir='ltr'>leges</span> <span class='ocrx_word' id='word_1_96' title='bbox 1044 2265 1168 2329; x_wconf 83' lang='lat' dir='ltr'>imitata</span> <span class='ocrx_word' id='word_1_97' title='bbox 1191 2264 1354 2350; x_wconf 88' lang='lat' dir='ltr'>pependit.</span> 
     </span>
     <span class='ocr_line' id='line_1_16' title="bbox 539 2370 1330 2455; baseline 0 -20"><span class='ocrx_word' id='word_1_98' title='bbox 539 2378 589 2435; x_wconf 89' lang='lat' dir='ltr'>est</span> <span class='ocrx_word' id='word_1_99' title='bbox 611 2371 709 2455; x_wconf 83' lang='lat' dir='ltr'>igitur</span> <span class='ocrx_word' id='word_1_100' title='bbox 732 2370 828 2434; x_wconf 88' lang='lat' dir='ltr'>tellus</span> <span class='ocrx_word' id='word_1_101' title='bbox 853 2371 994 2435; x_wconf 85' lang='lat' dir='ltr'>mediam</span> <span class='ocrx_word' id='word_1_102' title='bbox 1018 2371 1132 2435; x_wconf 87' lang='lat' dir='ltr'>sortita</span> <span class='ocrx_word' id='word_1_103' title='bbox 1156 2393 1330 2437; x_wconf 89' lang='lat' dir='ltr'>cauernam</span> 
     </span>
     <span class='ocr_line' id='line_1_17' title="bbox 540 2480 1249 2564; baseline 0.004 -23"><span class='ocrx_word' id='word_1_104' title='bbox 540 2481 623 2542; x_wconf 88' lang='lat' dir='ltr'>aeris</span> <span class='ocrx_word' id='word_1_105' title='bbox 646 2485 678 2542; x_wconf 90' lang='lat' dir='ltr'>et</span> <span class='ocrx_word' id='word_1_106' title='bbox 701 2485 768 2543; x_wconf 91' lang='lat' dir='ltr'>toto</span> <span class='ocrx_word' id='word_1_107' title='bbox 793 2480 914 2563; x_wconf 90' lang='lat' dir='ltr'>pariter</span> <span class='ocrx_word' id='word_1_108' title='bbox 937 2480 1064 2543; x_wconf 87' lang='lat' dir='ltr'>sublata</span> <span class='ocrx_word' id='word_1_109' title='bbox 1088 2480 1249 2564; x_wconf 87' lang='lat' dir='ltr'>profundo</span> 
     </span>
     <span class='ocr_line' id='line_1_18' title="bbox 540 2586 1474 2670; baseline 0.001 -20"><span class='ocrx_word' id='word_1_110' title='bbox 540 2607 598 2650; x_wconf 91' lang='lat' dir='ltr'>nec</span> <span class='ocrx_word' id='word_1_111' title='bbox 622 2586 748 2670; x_wconf 90' lang='lat' dir='ltr'>patulas</span> <span class='ocrx_word' id='word_1_112' title='bbox 772 2587 912 2650; x_wconf 85' lang='lat' dir='ltr'>distento</span> <span class='ocrx_word' id='word_1_113' title='bbox 935 2587 1048 2670; x_wconf 85' lang='lat' dir='ltr'>plagas</span> <span class='ocrx_word' id='word_1_114' title='bbox 1072 2588 1128 2651; x_wconf 91' lang='lat' dir='ltr'>sed</span> <span class='ocrx_word' id='word_1_115' title='bbox 1153 2588 1283 2652; x_wconf 89' lang='lat' dir='ltr'>condita</span> <span class='ocrx_word' id='word_1_116' title='bbox 1306 2588 1337 2651; x_wconf 93' lang='lat' dir='ltr'>in</span> <span class='ocrx_word' id='word_1_117' title='bbox 1363 2587 1474 2652; x_wconf 89' lang='lat' dir='ltr'>orbem</span> 
     </span>
     <span class='ocr_line' id='line_1_19' title="bbox 485 2695 1449 2781; baseline 0 -23"><span class='ocrx_word' id='word_1_118' title='bbox 485 2695 682 2778; x_wconf 68' lang='lat' dir='ltr'>coeundique</span> <span class='ocrx_word' id='word_1_119' title='bbox 706 2701 891 2778; x_wconf 72' lang='lat' dir='ltr'>surgentem</span> <span class='ocrx_word' id='word_1_120' title='bbox 916 2696 1038 2779; x_wconf 89' lang='lat' dir='ltr'>pariter</span> <span class='ocrx_word' id='word_1_121' title='bbox 1061 2695 1246 2781; x_wconf 87' lang='lat' dir='ltr'>pariterque</span> <span class='ocrx_word' id='word_1_122' title='bbox 1271 2696 1449 2760; x_wconf 87' lang='lat' dir='ltr'>cadentem.</span> 
     </span>
     <span class='ocr_line' id='line_1_20' title="bbox 540 2801 1373 2887; baseline 0.001 -22"><span class='ocrx_word' id='word_1_123' title='bbox 540 2802 619 2865; x_wconf 89' lang='lat' dir='ltr'>haec</span> <span class='ocrx_word' id='word_1_124' title='bbox 644 2813 693 2864; x_wconf 88' lang='lat' dir='ltr'>est</span> <span class='ocrx_word' id='word_1_125' title='bbox 717 2806 851 2865; x_wconf 89' lang='lat' dir='ltr'>naturae</span> <span class='ocrx_word' id='word_1_126' title='bbox 875 2801 990 2879; x_wconf 81' lang='lat' dir='ltr'>facies3</span> <span class='ocrx_word' id='word_1_127' title='bbox 1014 2802 1060 2865; x_wconf 92' lang='lat' dir='ltr'>sic</span> <span class='ocrx_word' id='word_1_128' title='bbox 1084 2802 1224 2866; x_wconf 89' lang='lat' dir='ltr'>mundus</span> <span class='ocrx_word' id='word_1_129' title='bbox 1249 2803 1373 2887; x_wconf 89' lang='lat' dir='ltr'>etipse</span> 
     </span>
     <span class='ocr_line' id='line_1_21' title="bbox 540 2907 1358 2994; baseline 0.004 -23"><span class='ocrx_word' id='word_1_130' title='bbox 540 2910 572 2971; x_wconf 91' lang='lat' dir='ltr'>in</span> <span class='ocrx_word' id='word_1_131' title='bbox 597 2929 743 2972; x_wconf 85' lang='lat' dir='ltr'>connexa</span> <span class='ocrx_word' id='word_1_132' title='bbox 767 2907 881 2971; x_wconf 89' lang='lat' dir='ltr'>uolans</span> <span class='ocrx_word' id='word_1_133' title='bbox 905 2908 1018 2972; x_wconf 88' lang='lat' dir='ltr'>teretis</span> <span class='ocrx_word' id='word_1_134' title='bbox 1043 2908 1122 2973; x_wconf 83' lang='lat' dir='ltr'>lacit</span> <span class='ocrx_word' id='word_1_135' title='bbox 1144 2931 1214 2973; x_wconf 88' lang='lat' dir='ltr'>esse</span> <span class='ocrx_word' id='word_1_136' title='bbox 1237 2910 1358 2994; x_wconf 85' lang='lat' dir='ltr'>figuras</span> 
     </span>
     <span class='ocr_line' id='line_1_22' title="bbox 539 3015 1405 3100; baseline 0.002 -21"><span class='ocrx_word' id='word_1_137' title='bbox 539 3016 719 3093; x_wconf 83' lang='lat' dir='ltr'>stellarum3</span> <span class='ocrx_word' id='word_1_138' title='bbox 745 3015 886 3100; x_wconf 88' lang='lat' dir='ltr'>solisque</span> <span class='ocrx_word' id='word_1_139' title='bbox 910 3016 1020 3079; x_wconf 92' lang='lat' dir='ltr'>orbem</span> <span class='ocrx_word' id='word_1_140' title='bbox 1046 3016 1206 3100; x_wconf 91' lang='lat' dir='ltr'>lunaeque</span> <span class='ocrx_word' id='word_1_141' title='bbox 1231 3017 1405 3081; x_wconf 88' lang='lat' dir='ltr'>rotundum</span> 
     </span>
     <span class='ocr_line' id='line_1_23' title="bbox 539 3123 1374 3209; baseline 0.001 -22"><span class='ocrx_word' id='word_1_142' title='bbox 539 3123 714 3208; x_wconf 82' lang='lat' dir='ltr'>aspicimus</span> <span class='ocrx_word' id='word_1_143' title='bbox 738 3123 861 3187; x_wconf 90' lang='lat' dir='ltr'>tumido</span> <span class='ocrx_word' id='word_1_144' title='bbox 886 3123 1071 3207; x_wconf 86' lang='lat' dir='ltr'>quaerentis</span> <span class='ocrx_word' id='word_1_145' title='bbox 1095 3144 1230 3209; x_wconf 91' lang='lat' dir='ltr'>corpore</span> <span class='ocrx_word' id='word_1_146' title='bbox 1253 3124 1374 3206; x_wconf 81' lang='lat' dir='ltr'>lumen,</span> 
     </span>
     <span class='ocr_line' id='line_1_24' title="bbox 485 3230 1397 3317; baseline -0.001 -21"><span class='ocrx_word' id='word_1_147' title='bbox 485 3256 525 3297; x_wconf 83' lang='lat'>210</span> <span class='ocrx_word' id='word_1_148' title='bbox 540 3231 624 3316; x_wconf 92' lang='lat' dir='ltr'>quod</span> <span class='ocrx_word' id='word_1_149' title='bbox 649 3231 764 3314; x_wconf 84' lang='lat' dir='ltr'>globus</span> <span class='ocrx_word' id='word_1_150' title='bbox 788 3230 935 3315; x_wconf 90' lang='lat' dir='ltr'>obliquos</span> <span class='ocrx_word' id='word_1_151' title='bbox 959 3237 1044 3295; x_wconf 88' lang='lat' dir='ltr'>totus</span> <span class='ocrx_word' id='word_1_152' title='bbox 1068 3252 1132 3296; x_wconf 90' lang='lat' dir='ltr'>non</span> <span class='ocrx_word' id='word_1_153' title='bbox 1157 3231 1274 3316; x_wconf 83' lang='lat' dir='ltr'>accipit</span> <span class='ocrx_word' id='word_1_154' title='bbox 1296 3232 1397 3317; x_wconf 83' lang='lat' dir='ltr'>ignes.</span> 
     </span>
     <span class='ocr_line' id='line_1_25' title="bbox 539 3337 1410 3423; baseline 0.001 -20"><span class='ocrx_word' id='word_1_155' title='bbox 539 3340 620 3403; x_wconf 87' lang='lat' dir='ltr'>haec</span> <span class='ocrx_word' id='word_1_156' title='bbox 645 3345 777 3403; x_wconf 87' lang='lat' dir='ltr'>aeterna</span> <span class='ocrx_word' id='word_1_157' title='bbox 801 3347 910 3402; x_wconf 87' lang='lat' dir='ltr'>manet</span> <span class='ocrx_word' id='word_1_158' title='bbox 934 3339 1083 3423; x_wconf 88' lang='lat' dir='ltr'>diuisque</span> <span class='ocrx_word' id='word_1_159' title='bbox 1107 3337 1271 3402; x_wconf 91' lang='lat' dir='ltr'>simillima</span> <span class='ocrx_word' id='word_1_160' title='bbox 1294 3338 1410 3416; x_wconf 82' lang='lat' dir='ltr'>forma,</span> 
     </span>
     <span class='ocr_line' id='line_1_26' title="bbox 539 3446 1524 3532; baseline 0.001 -22"><span class='ocrx_word' id='word_1_161' title='bbox 539 3448 590 3511; x_wconf 91' lang='lat' dir='ltr'>cui</span> <span class='ocrx_word' id='word_1_162' title='bbox 615 3468 719 3531; x_wconf 90' lang='lat' dir='ltr'>neque</span> <span class='ocrx_word' id='word_1_163' title='bbox 743 3446 937 3531; x_wconf 87' lang='lat' dir='ltr'>principium</span> <span class='ocrx_word' id='word_1_164' title='bbox 961 3455 1009 3510; x_wconf 90' lang='lat' dir='ltr'>est</span> <span class='ocrx_word' id='word_1_165' title='bbox 1034 3468 1181 3532; x_wconf 86' lang='lat' dir='ltr'>usquam,</span> <span class='ocrx_word' id='word_1_166' title='bbox 1206 3468 1266 3511; x_wconf 91' lang='lat' dir='ltr'>uec</span> <span class='ocrx_word' id='word_1_167' title='bbox 1289 3448 1363 3512; x_wconf 86' lang='lat' dir='ltr'>tinis</span> <span class='ocrx_word' id='word_1_168' title='bbox 1386 3446 1419 3511; x_wconf 94' lang='lat' dir='ltr'>in</span> <span class='ocrx_word' id='word_1_169' title='bbox 1444 3446 1524 3532; x_wconf 81' lang='lat' dir='ltr'>ipsa,</span> 
     </span>
     <span class='ocr_line' id='line_1_27' title="bbox 539 3553 1476 3641; baseline 0.002 -24"><span class='ocrx_word' id='word_1_170' title='bbox 539 3555 596 3618; x_wconf 88' lang='lat' dir='ltr'>sed</span> <span class='ocrx_word' id='word_1_171' title='bbox 620 3553 732 3617; x_wconf 89' lang='lat' dir='ltr'>similis</span> <span class='ocrx_word' id='word_1_172' title='bbox 757 3559 822 3618; x_wconf 89' lang='lat' dir='ltr'>toto</span> <span class='ocrx_word' id='word_1_173' title='bbox 846 3575 902 3617; x_wconf 91' lang='lat' dir='ltr'>ore</span> <span class='ocrx_word' id='word_1_174' title='bbox 925 3561 1035 3617; x_wconf 92' lang='lat' dir='ltr'>manet</span> <span class='ocrx_word' id='word_1_175' title='bbox 1059 3576 1181 3640; x_wconf 87' lang='lat' dir='ltr'>perque</span> <span class='ocrx_word' id='word_1_176' title='bbox 1205 3555 1314 3619; x_wconf 89' lang='lat' dir='ltr'>omnia</span> <span class='ocrx_word' id='word_1_177' title='bbox 1336 3576 1396 3641; x_wconf 88' lang='lat' dir='ltr'>pur</span> <span class='ocrx_word' id='word_1_178' title='bbox 1419 3561 1476 3619; x_wconf 85' lang='lat' dir='ltr'>est.</span> 
     </span>
     <span class='ocr_line' id='line_1_28' title="bbox 538 3657 1406 3742; baseline -0.001 -19"><span class='ocrx_word' id='word_1_179' title='bbox 538 3658 586 3723; x_wconf 79' lang='lat' dir='ltr'>sic</span> <span class='ocrx_word' id='word_1_180' title='bbox 609 3657 713 3722; x_wconf 80' lang='lat' dir='ltr'>stellis</span> <span class='ocrx_word' id='word_1_181' title='bbox 736 3658 918 3742; x_wconf 79' lang='lat' dir='ltr'>qlomcrato</span> <span class='ocrx_word' id='word_1_182' title='bbox 940 3662 1052 3722; x_wconf 73' lang='grc'><strong>000001</strong></span> <span class='ocrx_word' id='word_1_183' title='bbox 1076 3658 1263 3741; x_wconf 71' lang='lat' dir='ltr'>cauendoque</span> <span class='ocrx_word' id='word_1_184' title='bbox 1286 3658 1406 3742; x_wconf 69' lang='lat' dir='ltr'>tiqura.</span> 
     </span>
     <span class='ocr_line' id='line_1_29' title="bbox 485 3768 1286 3854; baseline -0.005 -19"><span class='ocrx_word' id='word_1_185' title='bbox 485 3769 658 3835; x_wconf 75' lang='grc' dir='ltr'><strong>00010101οο0</strong></span> <span class='ocrx_word' id='word_1_186' title='bbox 682 3769 776 3833; x_wconf 89' lang='lat' dir='ltr'>terris</span> <span class='ocrx_word' id='word_1_187' title='bbox 800 3789 864 3833; x_wconf 92' lang='lat' dir='ltr'>non</span> <span class='ocrx_word' id='word_1_188' title='bbox 888 3768 1036 3833; x_wconf 89' lang='lat' dir='ltr'>omnibus</span> <span class='ocrx_word' id='word_1_189' title='bbox 1061 3769 1170 3833; x_wconf 91' lang='lat' dir='ltr'>omnia</span> <span class='ocrx_word' id='word_1_190' title='bbox 1193 3770 1286 3854; x_wconf 86' lang='lat' dir='ltr'>signa</span> 
     </span>
     <span class='ocr_line' id='line_1_30' title="bbox 539 3875 1561 3962; baseline -0.002 -21"><span class='ocrx_word' id='word_1_191' title='bbox 539 3877 763 3962; x_wconf 89' lang='lat' dir='ltr'>conspicimus.</span> <span class='ocrx_word' id='word_1_192' title='bbox 811 3897 971 3962; x_wconf 86' lang='lat' dir='ltr'>nusquam</span> <span class='ocrx_word' id='word_1_193' title='bbox 995 3877 1143 3941; x_wconf 90' lang='lat' dir='ltr'>inuenies</span> <span class='ocrx_word' id='word_1_194' title='bbox 1166 3876 1291 3961; x_wconf 82' lang='lat' dir='ltr'>fulgere</span> <span class='ocrx_word' id='word_1_195' title='bbox 1316 3896 1477 3961; x_wconf 90' lang='lat' dir='ltr'>canopum</span> <span class='ocrx_word' id='word_1_196' title='bbox 1559 3875 1561 3879; x_wconf 74' lang='grc'>’</span> 
     </span>
     <span class='ocr_line' id='line_1_31' title="bbox 537 3982 1340 4069; baseline -0.001 -21"><span class='ocrx_word' id='word_1_197' title='bbox 537 3985 640 4049; x_wconf 85' lang='lat' dir='ltr'>donec</span> <span class='ocrx_word' id='word_1_198' title='bbox 663 3982 834 4066; x_wconf 86' lang='lat' dir='ltr'>†Niliacas</span> <span class='ocrx_word' id='word_1_199' title='bbox 858 4005 915 4068; x_wconf 91' lang='lat' dir='ltr'>per</span> <span class='ocrx_word' id='word_1_200' title='bbox 938 3992 1074 4069; x_wconf 89' lang='lat' dir='ltr'>pontum</span> <span class='ocrx_word' id='word_1_201' title='bbox 1099 3985 1227 4048; x_wconf 89' lang='lat' dir='ltr'>ueneris</span> <span class='ocrx_word' id='word_1_202' title='bbox 1251 4005 1340 4063; x_wconf 81' lang='lat' dir='ltr'>oras3</span> 
     </span>
     <span class='ocr_line' id='line_1_32' title="bbox 539 4090 1498 4178; baseline -0.001 -22"><span class='ocrx_word' id='word_1_203' title='bbox 539 4092 596 4156; x_wconf 90' lang='lat' dir='ltr'>sed</span> <span class='ocrx_word' id='word_1_204' title='bbox 620 4098 778 4178; x_wconf 90' lang='lat' dir='ltr'>quaerent</span> <span class='ocrx_word' id='word_1_205' title='bbox 801 4090 950 4174; x_wconf 89' lang='lat' dir='ltr'>Helicen,</span> <span class='ocrx_word' id='word_1_206' title='bbox 974 4092 1091 4178; x_wconf 91' lang='lat' dir='ltr'>quibus</span> <span class='ocrx_word' id='word_1_207' title='bbox 1115 4092 1169 4155; x_wconf 87' lang='lat' dir='ltr'>ille</span> <span class='ocrx_word' id='word_1_208' title='bbox 1192 4091 1381 4177; x_wconf 87' lang='lat' dir='ltr'>superuenit</span> <span class='ocrx_word' id='word_1_209' title='bbox 1403 4091 1498 4176; x_wconf 87' lang='lat' dir='ltr'>ignis,</span> 
     </span>
     <span class='ocr_line' id='line_1_33' title="bbox 539 4197 1458 4285; baseline -0.002 -21"><span class='ocrx_word' id='word_1_210' title='bbox 539 4200 624 4285; x_wconf 91' lang='lat' dir='ltr'>quod</span> <span class='ocrx_word' id='word_1_211' title='bbox 647 4200 787 4264; x_wconf 89' lang='lat' dir='ltr'>laterum</span> <span class='ocrx_word' id='word_1_212' title='bbox 811 4205 932 4263; x_wconf 90' lang='lat' dir='ltr'>tractus</span> <span class='ocrx_word' id='word_1_213' title='bbox 954 4199 1112 4279; x_wconf 89' lang='lat' dir='ltr'>habitant,</span> <span class='ocrx_word' id='word_1_214' title='bbox 1136 4197 1308 4284; x_wconf 88' lang='lat' dir='ltr'>medioque</span> <span class='ocrx_word' id='word_1_215' title='bbox 1331 4204 1458 4263; x_wconf 90' lang='lat' dir='ltr'>tumore</span> 
     </span>
    </p>
   </div>
   <div class='ocr_carea' id='block_1_4' title="bbox 378 4472 1689 5037">
    <p class='ocr_par' dir='ltr' id='par_1_5' title="bbox 378 4472 1689 5037">
     <span class='ocr_line' id='line_1_34' title="bbox 488 4472 1689 4546; baseline -0.002 -15"><span class='ocrx_word' id='word_1_216' title='bbox 488 4478 539 4533; x_wconf 92' lang='grc'>190</span> <span class='ocrx_word' id='word_1_217' title='bbox 566 4478 836 4546; x_wconf 63' lang='grc'><strong>000000000000000</strong></span> <span class='ocrx_word' id='word_1_218' title='bbox 861 4505 895 4514; x_wconf 98' lang='grc'>-</span> <span class='ocrx_word' id='word_1_219' title='bbox 921 4478 971 4531; x_wconf 75' lang='grc'><strong>192</strong></span> <span class='ocrx_word' id='word_1_220' title='bbox 990 4477 1028 4531; x_wconf 84' lang='lat' dir='ltr'>od</span> <span class='ocrx_word' id='word_1_221' title='bbox 1045 4480 1122 4532; x_wconf 80' lang='lat' dir='ltr'>ortus</span> <span class='ocrx_word' id='word_1_222' title='bbox 1140 4490 1157 4532; x_wconf 90' lang='lat' dir='ltr'>o</span> <span class='ocrx_word' id='word_1_223' title='bbox 1183 4504 1217 4514; x_wconf 42' lang='grc' dir='ltr'>ν-</span> <span class='ocrx_word' id='word_1_224' title='bbox 1246 4477 1296 4531; x_wconf 89' lang='grc'>193</span> <span class='ocrx_word' id='word_1_225' title='bbox 1315 4480 1340 4530; x_wconf 86' lang='lat' dir='ltr'>et</span> <span class='ocrx_word' id='word_1_226' title='bbox 1358 4488 1414 4529; x_wconf 89' lang='lat' dir='ltr'>om.</span> <span class='ocrx_word' id='word_1_227' title='bbox 1432 4472 1443 4527; x_wconf 96' lang='grc'><strong>1</strong></span> <span class='ocrx_word' id='word_1_228' title='bbox 1462 4478 1592 4543; x_wconf 66' lang='lat' dir='ltr'>perornet</span> <span class='ocrx_word' id='word_1_229' title='bbox 1609 4487 1626 4528; x_wconf 92' lang='lat' dir='ltr'>o</span> <span class='ocrx_word' id='word_1_230' title='bbox 1654 4508 1689 4516; x_wconf 95' lang='lat'><em>-</em></span> 
     </span>
     <span class='ocr_line' id='line_1_35' title="bbox 378 4571 1689 4644; baseline -0.004 -13"><span class='ocrx_word' id='word_1_231' title='bbox 378 4579 446 4631; x_wconf 89' lang='lat' dir='ltr'>ante</span> <span class='ocrx_word' id='word_1_232' title='bbox 469 4578 517 4630; x_wconf 79' lang='grc'><strong>194</strong></span> <span class='ocrx_word' id='word_1_233' title='bbox 543 4593 598 4644; x_wconf 83' lang='lat' dir='ltr'>quo</span> <span class='ocrx_word' id='word_1_234' title='bbox 622 4592 653 4630; x_wconf 85' lang='lat' dir='ltr'>re</span> <span class='ocrx_word' id='word_1_235' title='bbox 679 4579 755 4629; x_wconf 80' lang='lat' dir='ltr'>ter-ro</span> <span class='ocrx_word' id='word_1_236' title='bbox 778 4576 815 4629; x_wconf 82' lang='lat' dir='ltr'>eit</span> <span class='ocrx_word' id='word_1_237' title='bbox 842 4576 963 4630; x_wconf 80' lang='lat' dir='ltr'>rotundo</span> <span class='ocrx_word' id='word_1_238' title='bbox 981 4587 1034 4642; x_wconf 79' lang='lat' dir='ltr'>gru</span> <span class='ocrx_word' id='word_1_239' title='bbox 1061 4602 1093 4611; x_wconf 94' lang='lat'><em>-</em></span> <span class='ocrx_word' id='word_1_240' title='bbox 1120 4576 1170 4628; x_wconf 82' lang='grc'><strong>194</strong></span> <span class='ocrx_word' id='word_1_241' title='bbox 1194 4575 1244 4629; x_wconf 82' lang='lat' dir='ltr'>tibi</span> <span class='ocrx_word' id='word_1_242' title='bbox 1270 4577 1374 4629; x_wconf 78' lang='lat' dir='ltr'>notura</span> <span class='ocrx_word' id='word_1_243' title='bbox 1393 4571 1498 4630; x_wconf 58' lang='lat' dir='ltr'>odere</span> <span class='ocrx_word' id='word_1_244' title='bbox 1521 4572 1689 4627; x_wconf 80' lang='lat' dir='ltr'>admiranda</span> 
     </span>
     <span class='ocr_line' id='line_1_36' title="bbox 379 4671 1687 4741; baseline -0.003 -12"><span class='ocrx_word' id='word_1_245' title='bbox 379 4676 471 4730; x_wconf 82' lang='lat' dir='ltr'>uideri</span> <span class='ocrx_word' id='word_1_246' title='bbox 485 4689 513 4728; x_wconf 90' lang='lat' dir='ltr'>m</span> <span class='ocrx_word' id='word_1_247' title='bbox 536 4675 586 4727; x_wconf 81' lang='lat' dir='ltr'>tibi</span> <span class='ocrx_word' id='word_1_248' title='bbox 602 4676 706 4727; x_wconf 82' lang='lat' dir='ltr'>nutura</span> <span class='ocrx_word' id='word_1_249' title='bbox 723 4673 892 4728; x_wconf 80' lang='lat' dir='ltr'>admirando</span> <span class='ocrx_word' id='word_1_250' title='bbox 909 4674 1002 4728; x_wconf 66' lang='lat' dir='ltr'>uideri</span> <span class='ocrx_word' id='word_1_251' title='bbox 1015 4688 1037 4724; x_wconf 75' lang='grc'>(0</span> <span class='ocrx_word' id='word_1_252' title='bbox 1057 4701 1090 4709; x_wconf 94' lang='grc'>-</span> <span class='ocrx_word' id='word_1_253' title='bbox 1109 4675 1158 4729; x_wconf 88' lang='grc'><strong>198</strong></span> <span class='ocrx_word' id='word_1_254' title='bbox 1177 4686 1371 4740; x_wconf 70' lang='lat' dir='ltr'>wswmquco</span> <span class='ocrx_word' id='word_1_255' title='bbox 1394 4700 1427 4709; x_wconf 94' lang='lat'>—</span> <span class='ocrx_word' id='word_1_256' title='bbox 1453 4672 1502 4724; x_wconf 89' lang='grc'><strong>199</strong></span> <span class='ocrx_word' id='word_1_257' title='bbox 1520 4671 1635 4741; x_wconf 71' lang='grc'><strong>0901000</strong></span> <span class='ocrx_word' id='word_1_258' title='bbox 1657 4698 1687 4707; x_wconf 96' lang='grc'><strong>-</strong></span> 
     </span>
     <span class='ocr_line' id='line_1_37' title="bbox 379 4769 1687 4840; baseline -0.004 -13"><span class='ocrx_word' id='word_1_259' title='bbox 379 4776 429 4827; x_wconf 75' lang='grc'>207</span> <span class='ocrx_word' id='word_1_260' title='bbox 450 4777 538 4827; x_wconf 75' lang='lat' dir='ltr'>terere</span> <span class='ocrx_word' id='word_1_261' title='bbox 550 4786 580 4825; x_wconf 87' lang='lat' dir='ltr'>m</span> <span class='ocrx_word' id='word_1_262' title='bbox 600 4775 694 4826; x_wconf 77' lang='lat' dir='ltr'>teretes</span> <span class='ocrx_word' id='word_1_263' title='bbox 706 4784 727 4822; x_wconf 80' lang='grc'>0)</span> <span class='ocrx_word' id='word_1_264' title='bbox 741 4799 773 4807; x_wconf 97' lang='grc'>-</span> <span class='ocrx_word' id='word_1_265' title='bbox 787 4772 841 4825; x_wconf 81' lang='grc'>910</span> <span class='ocrx_word' id='word_1_266' title='bbox 858 4772 931 4840; x_wconf 64' lang='lat' dir='ltr'>ianas</span> <span class='ocrx_word' id='word_1_267' title='bbox 943 4786 973 4825; x_wconf 90' lang='lat' dir='ltr'>m</span> <span class='ocrx_word' id='word_1_268' title='bbox 987 4772 1085 4824; x_wconf 75' lang='lat'>-212</span> <span class='ocrx_word' id='word_1_269' title='bbox 1104 4784 1181 4825; x_wconf 83' lang='lat' dir='ltr'>neco</span> <span class='ocrx_word' id='word_1_270' title='bbox 1199 4769 1687 4840; x_wconf 71' lang='grc'><strong>10000-91300100000000010-</strong></span> 
     </span>
     <span class='ocr_line' id='line_1_38' title="bbox 379 4866 1689 4939; baseline -0.002 -16"><span class='ocrx_word' id='word_1_271' title='bbox 379 4872 431 4924; x_wconf 75' lang='grc'>211</span> <span class='ocrx_word' id='word_1_272' title='bbox 449 4870 543 4925; x_wconf 82' lang='lat' dir='ltr'>stellae</span> <span class='ocrx_word' id='word_1_273' title='bbox 556 4884 585 4923; x_wconf 92' lang='lat' dir='ltr'>m</span> <span class='ocrx_word' id='word_1_274' title='bbox 603 4869 690 4924; x_wconf 69' lang='lat' dir='ltr'>etellrir</span> <span class='ocrx_word' id='word_1_275' title='bbox 702 4884 724 4920; x_wconf 81' lang='lat' dir='ltr'>u&gt;</span> <span class='ocrx_word' id='word_1_276' title='bbox 738 4869 890 4939; x_wconf 73' lang='lat' dir='ltr'>qlomerato</span> <span class='ocrx_word' id='word_1_277' title='bbox 902 4873 1044 4924; x_wconf 72' lang='lat' dir='ltr'>memte</span> <span class='ocrx_word' id='word_1_278' title='bbox 1061 4870 1186 4939; x_wconf 70' lang='lat' dir='ltr'>fiperonl</span> <span class='ocrx_word' id='word_1_279' title='bbox 1199 4881 1216 4923; x_wconf 90' lang='lat' dir='ltr'>o</span> <span class='ocrx_word' id='word_1_280' title='bbox 1228 4897 1263 4905; x_wconf 94' lang='lat'><em>-</em></span> <span class='ocrx_word' id='word_1_281' title='bbox 1276 4868 1327 4922; x_wconf 70' lang='lat'>⁴216</span> <span class='ocrx_word' id='word_1_282' title='bbox 1345 4866 1444 4937; x_wconf 72' lang='lat' dir='ltr'>canopo</span> <span class='ocrx_word' id='word_1_283' title='bbox 1458 4881 1487 4921; x_wconf 90' lang='lat' dir='ltr'>m</span> <span class='ocrx_word' id='word_1_284' title='bbox 1499 4867 1594 4920; x_wconf 74' lang='grc'><strong>-217</strong></span> <span class='ocrx_word' id='word_1_285' title='bbox 1608 4867 1689 4921; x_wconf 79' lang='lat' dir='ltr'>donec</span> 
     </span>
     <span class='ocr_line' id='line_1_39' title="bbox 379 4962 1606 5037; baseline -0.004 -15"><span class='ocrx_word' id='word_1_286' title='bbox 379 4968 416 5022; x_wconf 81' lang='grc'>001</span> <span class='ocrx_word' id='word_1_287' title='bbox 428 4966 473 5024; x_wconf 91' lang='lat' dir='ltr'>lm</span> <span class='ocrx_word' id='word_1_288' title='bbox 490 4969 528 5023; x_wconf 79' lang='lat' dir='ltr'>od</span> <span class='ocrx_word' id='word_1_289' title='bbox 546 4981 602 5023; x_wconf 90' lang='lat' dir='ltr'>om.</span> <span class='ocrx_word' id='word_1_290' title='bbox 616 4980 657 5035; x_wconf 81' lang='lat' dir='ltr'>gc</span> <span class='ocrx_word' id='word_1_291' title='bbox 674 4967 792 5023; x_wconf 76' lang='lat' dir='ltr'>niliacae</span> <span class='ocrx_word' id='word_1_292' title='bbox 804 4965 863 5037; x_wconf 84' lang='lat' dir='ltr'>lgc</span> <span class='ocrx_word' id='word_1_293' title='bbox 882 4968 970 5023; x_wconf 77' lang='lat' dir='ltr'>ciuem</span> <span class='ocrx_word' id='word_1_294' title='bbox 982 4981 1012 5022; x_wconf 88' lang='lat' dir='ltr'>nr</span> <span class='ocrx_word' id='word_1_295' title='bbox 1025 4965 1070 5034; x_wconf 84' lang='grc'><strong>(11)</strong></span> <span class='ocrx_word' id='word_1_296' title='bbox 1089 4968 1217 5023; x_wconf 79' lang='lat' dir='ltr'>Niliacas</span> <span class='ocrx_word' id='word_1_297' title='bbox 1235 4979 1308 5021; x_wconf 88' lang='lat' dir='ltr'>corr.</span> <span class='ocrx_word' id='word_1_298' title='bbox 1327 4979 1364 5020; x_wconf 84' lang='lat' dir='ltr'>ex</span> <span class='ocrx_word' id='word_1_299' title='bbox 1382 4965 1490 5021; x_wconf 69' lang='grc'><strong>0000000</strong></span> <span class='ocrx_word' id='word_1_300' title='bbox 1504 4978 1533 5020; x_wconf 89' lang='lat' dir='ltr'>nr</span> <span class='ocrx_word' id='word_1_301' title='bbox 1552 4962 1606 5031; x_wconf 78' lang='lat' dir='ltr'><strong>(L).</strong></span> 
     </span>
    </p>
   </div>
   <div class='ocr_carea' id='block_1_5' title="bbox 0 0 2072 5834">
    <p class='ocr_par' dir='ltr' id='par_1_6' title="bbox 0 0 2072 5834">
     <span class='ocr_line' id='line_1_40' title="bbox 0 0 2072 5834; baseline 0 1"><span class='ocrx_word' id='word_1_302' title='bbox 0 0 2072 5834; x_wconf 95' lang='lat' dir='ltr'> </span> 
     </span>
    </p>
   </div>
  </div>
 </body>
</html>
