4134 5834
908 590 994 648 Liber
1012 588 1061 649 lv.
1100 592 1249 648 195-222.

445 808 447 812 ‘
527 832 567 874 ns
582 814 679 893 atque
702 807 812 873 oculos
835 806 962 888 mentis,
987 828 1053 892 qua
1075 806 1177 893 possit
1199 828 1332 873 cernere
1355 812 1471 873 cuncta

582 914 732 1001 quemuis
754 914 887 980 occultis
911 920 1046 980 naturae
1070 914 1200 980 condita
1223 915 1338 981 causis.

583 1023 658 1087 hinc
680 1029 714 1087 et
736 1022 957 1132 scriptorserit
976 1022 1083 1104 uelox,
1107 1022 1158 1087 cui
1181 1022 1277 1087 litera
1300 1022 1435 1088 uerbum
1459 1029 1517 1104 est,

582 1129 702 1216 quique
725 1129 811 1194 notis
833 1129 978 1214 lingnam
1000 1135 1131 1215 superet
1153 1130 1337 1215 cursimque
1360 1130 1521 1215 loquentis

496 1318 498 1321 y
583 1236 722 1321 excipiat
744 1235 858 1321 longas
881 1257 967 1301 noua
990 1258 1049 1322 per
1072 1236 1263 1323 compendia
1286 1258 1392 1303 uoces.

408 1417 412 1425 .
531 1368 571 1411 coo
587 1345 620 1408 in
645 1343 723 1408 uitio
747 1344 847 1410 bona:
871 1344 928 1409 sed
953 1351 1080 1409 teneros
1104 1344 1209 1430 pudor
1232 1345 1368 1430 impedit
1390 1366 1493 1410 annos

584 1472 766 1536 magnaque
789 1457 925 1517 naturae
948 1451 1129 1517 cohibendo
1152 1473 1288 1518 munera
1311 1451 1427 1517 frenat.
1479 1459 1487 1482 ¹

585 1580 643 1624 nec
666 1557 823 1625 fecundus
846 1559 972 1625 erit-
995 1559 1073 1645 quid
1096 1559 1215 1625 mirum
1237 1559 1270 1626 in
1294 1560 1443 1646 uirgine?
1468 1595 1509 1605 -
1533 1565 1655 1645 partus.

634 1666 790 1732 librantes
813 1672 940 1732 noctem
964 1666 1078 1732 chelae
1101 1688 1175 1732 cum
1198 1673 1344 1753 tempore
1366 1667 1466 1741 lucis
1579 1726 1581 1730 Α

584 1796 642 1860 per
665 1795 751 1839 noue
774 1775 893 1839 maturi
916 1780 989 1860 post
1012 1796 1134 1840 annum
1158 1795 1294 1840 munera
1316 1774 1438 1840 Bacchi

530 1906 571 1949 em
585 1882 756 1947 mensurae
778 1881 922 1947 tribuent
944 1903 1021 1946 usus
1045 1903 1083 1947 ac
1106 1881 1251 1967 pondera
1274 1903 1383 1947 rerum

583 1995 615 2055 et
638 1988 841 2055 Palamedeis
864 1995 1042 2055 certantem
1066 1989 1190 2055 uiribus
1214 1995 1331 2071 ortum,

586 2097 640 2182 qui
663 2096 787 2182 primus
810 2117 961 2161 numeros
985 2097 1094 2177 rebus,
1116 2098 1172 2183 qui
1195 2097 1328 2163 nomine
1351 2094 1485 2162 summis

586 2203 739 2288 imposuit
761 2209 949 2290 certumque
972 2203 1105 2269 modum
1128 2205 1341 2289 propriasque
1363 2203 1494 2289 figures.

586 2310 638 2375 hic
662 2311 759 2375 etiam
783 2311 892 2396 legum
916 2312 1044 2377 tabulas
1068 2317 1101 2376 et
1123 2311 1252 2377 condita
1275 2311 1347 2377 iure

533 2441 573 2484 210
588 2419 715 2483 nouerit
736 2424 834 2504 atque
857 2419 942 2485 uotis
964 2418 1093 2484 leuibus
1115 2418 1292 2504 pendentia
1314 2418 1415 2485 uerba

584 2531 616 2588 et
638 2525 761 2589 licitum
784 2526 865 2591 sciet
886 2532 919 2591 et
942 2526 1078 2591 uetitum
1102 2547 1186 2613 quae
1209 2547 1315 2612 poena
1337 2532 1500 2613 sequatur,

581 2640 756 2719 perpetuus
779 2633 891 2719 populi
912 2634 1040 2719 priuato
1064 2633 1098 2699 in
1120 2634 1232 2699 limine
1254 2640 1393 2720 praetor.

587 2762 651 2805 non
675 2740 739 2805 elio
762 2742 868 2825 potius
892 2740 1020 2828 genitus
1044 2741 1087 2807 sit
1109 2741 1242 2807 Seruius
1267 2747 1365 2822 astro,

587 2848 643 2934 qui
665 2848 753 2934 leges
776 2847 870 2914 Latio
893 2849 1010 2935 posuit,
1035 2870 1109 2913 cum
1132 2848 1205 2914 iura
1226 2847 1351 2914 retexit.

533 2978 573 3021 ne
587 2955 727 3041 denique
750 2956 783 3021 in
807 2956 959 3041 ambiguo
982 2955 1082 3022 luerit
1104 2956 1332 3042 quodcumque
1355 2956 1496 3021 locatum

587 3070 620 3127 et
642 3064 775 3127 rectoris
798 3084 908 3148 egens,
932 3063 1084 3129 diriment
1106 3064 1256 3129 examina
1278 3064 1390 3129 librae.

641 3172 789 3257 scorpion
813 3176 938 3235 armate
960 3171 1140 3237 uiolentum
1163 3171 1313 3257 conspice
1337 3170 1451 3252 canda,

588 3300 662 3364 qua,
686 3299 745 3343 sua
768 3300 841 3344 cum
864 3277 989 3344 Phoebi
1012 3300 1143 3344 currum
1166 3300 1224 3365 per
1247 3279 1355 3344 sidera
1377 3278 1476 3357 ducit,
1570 3349 1573 3353 A

588 3386 723 3450 rimatur
746 3391 848 3450 terras
872 3392 904 3450 et
926 3385 1024 3451 sulcis
1048 3385 1173 3451 semina
1195 3384 1317 3451 miscet.

535 3516 575 3558 no
589 3493 622 3557 in
647 3493 765 3556 bellum
790 3492 932 3557 ardentis
956 3492 1081 3558 animos
1105 3498 1137 3557 et
1158 3491 1276 3558 Martia
1298 3500 1404 3559 castra

589 3599 689 3664 efficit
710 3605 744 3664 et
765 3599 867 3664 multo
890 3599 1085 3684 gaudentem
1109 3601 1267 3685 sanguine
1290 3602 1396 3666 ciuem

590 3728 648 3771 neo
672 3706 794 3792 praeda
816 3727 914 3792 quam
937 3706 1036 3771 caede
1060 3708 1174 3793 magis.
1220 3709 1299 3793 quin
1322 3710 1391 3795 ipsa
1416 3708 1475 3772 sub
1499 3706 1597 3772 ermis

539 3895 588 3948 195
616 3892 755 3948 mrem
783 3893 902 3948 mentio
929 3891 1055 3962 qscalgc
1081 3895 1171 3963 quim
1195 3894 1311 3964 poscito
1340 3920 1373 3931 -
1405 3895 1454 3948 191
1478 3894 1738 3949 netnmesm—

433 3991 483 4046 198
511 3989 610 4060 ltpnol
637 3989 859 4059 mrnmquclgc
880 4005 1005 4053 vuersum
1029 4006 1127 4047 emm
1157 4020 1190 4030 -
1219 3992 1272 4047 200
1296 3991 1456 4048 innieiolm
1485 3991 1586 4050 mnosl
1615 3992 1738 4047 bonnam

430 4090 566 4158 bonusgc
592 4092 625 4143 ut
643 4093 774 4143 teneroeo
794 4089 918 4161 (om.u1)
946 4118 980 4127 -
1008 4089 1059 4144 201
1078 4091 1239 4160 srenotgm
1268 4118 1301 4127 -
1329 4091 1381 4146 202
1400 4091 1509 4160 quidm
1533 4091 1638 4160 quoda
1662 4089 1739 4145 mira

430 4170 452 4208 ¹¹¹
466 4184 597 4257 uirqiml
615 4186 718 4241 minem
735 4187 844 4256 uirqinc
856 4201 885 4242 m
903 4205 939 4242 m.
958 4188 989 4242 in
1007 4206 1034 4243 n.
1049 4202 1090 4256 gc
1103 4215 1135 4225 -
1150 4188 1202 4243 203
1223 4181 1359 4244 libbntesl
1378 4189 1492 4244 libenter
1503 4204 1525 4240 ω
1542 4194 1617 4244 nocte
1633 4188 1740 4257 celeng

430 4290 533 4340 noctem
550 4284 761 4339 cholen-'204
775 4288 838 4353 post
856 4300 991 4340 onnnmo
1011 4285 1189 4340 bocclim-
1204 4288 1256 4341 205
1274 4303 1418 4341 messurae
1434 4285 1509 4352 etlc
1526 4303 1654 4342 messaara
1670 4290 1739 4342 etm

431 4400 574 4439 mensurae
586 4387 651 4451 tng
667 4398 725 4437 aco
743 4386 863 4452 tempora
875 4400 970 4437 rerum
978 4397 1009 4438 m
1019 4412 1052 4420 --
1063 4384 1280 4440 concertantem
1293 4414 1325 4423 -
1339 4385 1390 4439 201
1400 4375 1551 4449 κυνησνιῖεἰ
1568 4400 1699 4439 numento
1709 4398 1738 4438 m

430 4461 581 4549 anmmsiel
605 4507 637 4518 -
663 4480 714 4535 209
743 4481 889 4536 tobaleam
912 4496 1028 4536 rsuram
1051 4510 1086 4519 -
1109 4481 1163 4537 210
1189 4470 1325 4548 nonnitl
1352 4482 1676 4539 swneratenonen‘tn
1704 4509 1737 4520 -

431 4581 479 4634 211
511 4577 686 4648 εαμιεῃὶανΙ
712 4583 838 4646 emantur
857 4593 886 4633 m
913 4576 1070 4647 (sequemur
1095 4577 1160 4635 coll.
1182 4578 1214 4646 L)
1241 4584 1372 4649 sequntur
1388 4594 1428 4649 gc
1457 4607 1490 4617 -
1518 4580 1570 4634 212
1600 4580 1739 4634 lnmineo

922 4657 937 4688 ÷
946 4660 1010 4698 quem
1030 4657 1119 4698 «squam

433 4701 932 4772 (areolum-mtnqecpotioeo
950 4702 1034 4758 crnnl
1053 4718 1146 4771 manag
1163 4711 1207 4772 pc
1226 4705 1738 4773 nomm—iliideniquectinm-

432 4804 484 4855 2Ιῦ
504 4806 592 4870 tepens
609 4816 637 4856 m
658 4802 794 4856 dirimitc
817 4829 850 4838 —
874 4803 926 4856 211
944 4803 1097 4870 scorpione
1120 4801 1299 4871 armatalge
1321 4804 1465 4858 armotim
1488 4802 1610 4857 uiolenta
1630 4802 1741 4872 cuspide

432 4900 519 4953 conda
530 4913 547 4952 0
557 4928 589 4937 -
601 4900 654 4953 220
663 4901 787 4954 ardentes
797 4913 860 4967 g—
870 4901 920 4953 221
933 4900 1008 4968 effici
1019 4898 1065 4955 etl
1081 4901 1211 4969 officiata
1227 4902 1342 4970 mnttog
1359 4901 1479 4956 multum
1488 4916 1510 4950 ω
1524 4926 1556 4936 -
1570 4898 1622 4953 222
1635 4901 1703 4968 pain
1712 4914 1741 4956 ο,
