4134 5834
534 1400 703 1523 Quattuor
741 1434 886 1497 eodieurn
925 1436 1078 1498 lectiones
1113 1437 1146 1498 in
1182 1436 1387 1500 adnotatione
1423 1437 1533 1500 critica
1566 1440 1686 1502 notaui.

382 1541 464 1605 Sunt
487 1549 595 1605 alitem
619 1542 666 1605 hi:

419 1687 445 1747 1.
471 1683 581 1747 Codex
614 1681 858 1747 Gernbiaeensis
882 1683 945 1768 (g),
978 1687 1166 1749 monasterii
1202 1686 1277 1748 olinr
1312 1684 1566 1767 Gonrblaoonsis‚
1602 1709 1686 1752 nune

451 1790 690 1862 ,Bruxeliensis
714 1791 927 1854 bibliothecae
948 1794 1057 1875 regias
1081 1791 1152 1872 (ΝΥ.
1174 1791 1311 1873 10019),
1336 1793 1482 1874 membr,
1499 1795 1624 1858 tonnae
1641 1794 1687 1875 8⁰,

469 1898 513 1962 10
531 1900 665 1979 schedis,
682 1898 810 1962 saeculo
836 1906 869 1961 ut
886 1900 1014 1962 uidetur
1028 1899 1078 1963 XI
1095 1901 1300 1984 perseriptus.
1327 1899 1378 1963 De
1399 1901 1458 1963 hoe
1476 1901 1568 1979 libro,
1590 1923 1686 1987 quern

471 2006 519 2068 bis
544 2007 612 2090 ipse
635 2005 737 2087 (1853
763 2015 794 2069 et
821 2007 920 2087 1892)
952 2008 1082 2086 contuli,
1115 2007 1180 2089 egit
1209 2013 1457 2092 accuratnnrque
1482 2010 1685 2073 collationem

470 2114 648 2197 publicauit
657 2113 693 2176 P.
705 2113 861 2177 Thomas:
874 2112 1123 2178 ‘lucubrationes
1136 2115 1337 2178 Manilianas.
1350 2115 1484 2199 Scripsit
1494 2114 1683 2180 P.Thonras.

470 2219 577 2284 Gandi
605 2218 709 2285 1888?

419 2348 448 2408 ’3.
474 2347 575 2410 codex
604 2346 781 2432 Lipsiensis
805 2346 846 2428 (l)
884 2347 939 2411 Nr.
967 2350 1050 2412 1465
1075 2348 1152 2411 bibl.
1186 2347 1351 2425 Paulinae,
1383 2350 1530 2426 mentha,
1561 2349 1686 2412 formae

469 2456 489 2516 4
514 2454 600 2533 inni,
624 2455 676 2518 uel
700 2457 729 2518 ⁵2.
753 2456 841 2536 min,
866 2456 1034 2519 continens
1065 2456 1142 2518 folin
1166 2459 1219 2518 96.
1264 2455 1384 2518 Versus
1411 2455 1514 2519 nieeni
1543 2456 1625 2518 terni
1653 2456 1685 2518 in

469 2562 584 2646 qnauis
607 2564 725 2646 pagina
753 2564 863 2646 scripti
887 2567 969 2625 sinit.
1009 2562 1235 2647 Antiquiorom
1259 2583 1331 2625 enin
1358 2584 1428 2625 esse
1453 2561 1593 2643 Onsano,
1622 2583 1686 2626 non

469 2669 583 2732 cedere
607 2677 712 2732 aetate
736 2670 963 2733 Gernblaeonsi
987 2670 1065 2732 rniiri
1089 2670 1219 2754 quictem
1243 2671 1398 2753 persuasi.
1447 2668 1589 2732 Contulit
1613 2691 1686 2732 eum

470 2775 587 2839 librum
621 2775 711 2856 (nido
745 2777 1011 2861 subscriptionem
1037 2778 1069 2840 in
1101 2778 1164 2840 tine
1193 2778 1267 2839 libri
1292 2777 1335 2857 V)
1366 2774 1409 2839 ‘iu
1438 2778 1575 2860 gratiam
1603 2777 1686 2840 6616-

469 2882 600 2946 berrinri
625 2883 694 2946 Viri
717 2883 849 2946 lut-arni
866 2882 993 2946 Bentlei
1010 2885 1153 2967 parantis
1175 2884 1324 2946 omnibns
1342 2884 1482 2947 rnrnroris
1507 2882 1686 2946 absolutam

469 2988 563 3053 huius
593 2997 708 3075 poetae
738 2990 912 3054 editionem
944 2992 1049 3053 Ioaoh.
1088 2990 1174 3053 Frid.
1214 2990 1358 3053 Fellerns
1390 2993 1438 3054 Ao
1470 2986 1685 3053 nrnuxulss'

347 3135 351 3141 ·
469 3097 554 3160 socio
586 3098 735 3162 adiuncto
769 3099 943 3161 (iotefrerlo
973 3097 1126 3160 Richtero
1158 3096 1248 3177 (uide
1278 3097 1510 3181 praefationem
1538 3095 1688 3158 editionis

469 3203 705 3287 Bentloianae),
728 3228 825 3290 quam
847 3206 1049 3269 collationem
1070 3205 1356 3269 Vratisiauiensenr
1378 3202 1499 3285 (Vrat.)
1517 3198 1686 3284 uocant*):

467 3312 536 3397 ipse
560 3313 678 3376 librum
703 3313 822 3377 contuli
848 3336 876 3377 a.
906 3315 998 3377 1899.

417 3436 447 3499 3.
472 3437 573 3500 codex
597 3435 744 3501 Cusanus
768 3436 827 3519 (e),
858 3439 1045 3501 monasterii
1081 3438 1155 3502 olim
1189 3436 1320 3516 Cosani,
1358 3458 1442 3500 nuno
1473 3435 1686 3499 bibliothecae

467 3545 576 3628 regiae
593 3544 812 3643 Bruxeliensis
829 3546 900 3628 (ΝΥ.
919 3545 1056 3626 10699),
1075 3546 1221 3623 membr,
1243 3546 1366 3608 formae
1384 3547 1402 3607 ⁶2
1421 3545 1496 3607 min.
1536 3541 1688 3605 Continet
1798 3561 1799 3565 ’

1480 3672 1494 3681 -ι
1499 3648 1691 3691 aestumanda

863 4053 1138 4159 Corrigenda

559 4232 624 4287 pag.
640 4224 674 4275 13
692 4221 799 4282 lineat)
818 4243 833 4283 a
853 4230 910 4287 fine
928 4232 993 4304 1636
1012 4241 1066 4292 375
1085 4255 1136 4308 pro
1154 4246 1215 4298 373.

559 4339 624 4396 pag.
638 4329 672 4383 96
690 4329 799 4387 liuea4
817 4350 833 4389 a
851 4339 909 4394 tino
927 4341 993 4411 lege
1007 4363 1109 4415 parens
1127 4364 1179 4417 pro
1194 4359 1300 4420 pareat.

558 4448 622 4503 pag.
636 4436 670 4489 32
688 4436 797 4495 linea9
816 4456 832 4495 a
851 4445 908 4501 tine
927 4447 992 4518 1636
1010 4454 1225 4526 Hectoreumqae
1242 4475 1294 4528 [no
1314 4464 1531 4538 Hectoreamque.

557 4555 622 4609 pag.
634 4543 670 4597 39
687 4542 766 4601 linea
778 4549 814 4602 24
833 4552 869 4606 ab
889 4552 973 4612 initio
993 4558 1058 4627 1636
1078 4562 1147 4617 libra
1165 4579 1218 4634 pro
1237 4568 1324 4623 chelis.

554 4658 618 4715 pag.
632 4651 665 4703 41
686 4648 794 4708 lineat
813 4669 831 4710 a
849 4657 907 4713 tino
925 4659 991 4731 1636
1010 4667 1035 4719 d.
1055 4684 1080 4719 a.
1099 4684 1120 4722 s.
1139 4684 1192 4738 pro
1211 4691 1269 4729 aas.

553 4766 619 4823 pag.
633 4756 668 4811 72
686 4755 764 4814 linea
777 4764 810 4818 17
830 4762 867 4819 ab
886 4765 971 4822 initio
989 4769 1056 4839 1636
1075 4778 1146 4830 terat
1163 4792 1216 4846 pro
1234 4783 1316 4849 serat.

554 4873 619 4930 pag.
633 4865 667 4919 76
686 4863 793 4924 lineat
812 4869 848 4926 ab
868 4871 953 4931 initio
971 4873 1037 4946 1636
1055 4882 1116 4937 orte
1133 4899 1186 4953 pro
1204 4888 1281 4944 aba.
