4134 5834
948 610 1034 674 Liber
1052 608 1073 665 1.
1112 609 1262 665 tao—252.

550 852 590 894 220
605 829 747 915 eripiunt
770 833 876 892 terrae
901 827 1026 890 ceolum
1051 825 1205 909 nisusque
1229 825 1411 889 cohercent.

604 942 634 1000 te
659 942 774 1000 testem
797 935 864 1014 dat,
887 935 974 1013 luna,
1000 933 1050 998 sui
1073 931 1317 1017 glomeraminis
1341 931 1438 1012 orbis,

603 1064 687 1129 quaa
710 1062 785 1107 oum
808 1062 917 1105 mersa
940 1040 1041 1124 nigris
1065 1061 1123 1124 per
1146 1045 1276 1104 noctem
1299 1038 1411 1103 deficis
1435 1038 1569 1119 umbris,

603 1172 668 1216 non
693 1150 798 1214 omnis
821 1149 945 1234 pariter
967 1147 1141 1211 confundis
1163 1147 1270 1211 sidere
1293 1151 1416 1232 gentes,

604 1258 660 1323 sed
684 1258 775 1344 prius
799 1277 879 1321 eoae
903 1261 1064 1340 quaerunt
1088 1260 1144 1319 tue
1167 1254 1293 1319 lumina
1315 1261 1432 1334 terrae,

547 1388 587 1430 ns
596 1367 683 1447 post,
707 1361 816 1426 nwdio
839 1358 987 1425 subiecta
1006 1359 1085 1443 polo
1109 1379 1335 1442 quaecumque
1359 1358 1524 1441 coluntur,

601 1468 724 1536 ultima
748 1470 792 1534 ad
815 1467 981 1554 hesperios
1003 1467 1139 1551 infectis
1161 1467 1312 1533 uolueris
1336 1466 1409 1549 ulia,
1523 1542 1531 1554 ⁴

603 1602 740 1666 seraque
763 1580 797 1645 in
821 1579 974 1644 extremis
998 1578 1188 1665 quatiuntur
1211 1579 1362 1663 gentibus
1386 1598 1473 1642 aera.

603 1688 719 1773 quodsi
741 1689 841 1774 plana
862 1687 947 1753 soret
969 1688 1075 1769 tellus,
1100 1686 1201 1751 semel
1224 1691 1296 1751 orta
1318 1706 1378 1771 per
1400 1706 1529 1750 omnem

603 1798 755 1862 defioeret
778 1797 901 1882 pariter
924 1797 982 1861 toti
1005 1795 1200 1860 miserabilis
1224 1795 1304 1860 orbi.

549 1926 590 1970 aso
604 1906 660 1969 sed
684 1905 761 1990 quia
784 1925 843 1989 par
865 1908 1000 1968 teretem
1024 1902 1164 1967 deducte
1188 1908 1238 1966 est
1259 1908 1347 1965 terra
1371 1907 1540 1980 tumorem,
1595 1914 1600 1923 ·

604 2012 654 2077 his
678 2012 785 2090 modo,
810 2016 885 2096 post
908 2011 972 2075 illis
995 2016 1133 2095 apparet
1154 2008 1252 2073 Delia
1275 2008 1370 2072 terris

603 2120 752 2184 exoriens
775 2118 871 2183 simul
895 2124 992 2203 atque
1017 2116 1152 2194 oudens3
1177 2116 1254 2201 quia
1276 2115 1380 2180 fertur
1403 2115 1437 2179 in
1461 2114 1574 2179 orbem

604 2227 728 2291 uentris
752 2232 784 2290 et
807 2225 941 2290 aeoliuis
964 2224 1087 2309 pariter
1109 2223 1250 2289 deeliuia
1272 2222 1378 2307 iungit

604 2340 700 2418 atque
725 2334 805 2398 alios
829 2338 961 2418 superat
984 2353 1080 2417 gyros
1103 2331 1249 2416 aliosque
1272 2329 1436 2415 relinquit.

551 2464 591 2504 235
605 2458 648 2502 ex
671 2459 738 2520 quo
763 2434 931 2521 eolliqitur
956 2441 1125 2501 terrarum
1148 2434 1259 2518 formu
1281 2433 1429 2500 rotunda

603 2547 687 2612 hano
712 2548 834 2612 oireum
857 2547 970 2611 uariae
993 2551 1107 2631 gentes
1130 2544 1300 2610 hominum
1323 2549 1421 2629 etque
1445 2543 1588 2609 ferarum

604 2653 776 2739 aeriaeque
801 2653 910 2718 uolunt
934 2652 1092 2717 uolucres.
1139 2671 1215 2737 pars
1239 2651 1309 2715 sius
1333 2651 1373 2716 ad
1398 2656 1503 2715 erotos

601 2760 732 2842 eminet,
756 2759 909 2825 austrinis
932 2779 1009 2844 pars
1032 2765 1082 2824 est
1104 2758 1291 2825 habitabilis
1314 2758 1380 2823 oris

601 2869 662 2933 sub
685 2867 886 2955 pedibusque
909 2868 994 2933 iacet
1017 2868 1135 2932 uostris
1158 2887 1321 2953 supraque
1344 2865 1475 2931 uidetur

549 3000 590 3040 ao
603 2977 674 3061 ipsa
697 2974 759 3041 sibi
781 2975 915 3041 fallente
938 2976 1007 3040 solo
1030 2974 1172 3040 decliuia
1194 2973 1293 3058 longa

603 3090 636 3147 et
657 3084 780 3169 pariter
803 3090 955 3168 surgente
979 3084 1034 3147 uia
1058 3083 1243 3168 pariterque
1267 3081 1413 3146 audente.

602 3191 686 3255 hana
710 3190 765 3255 ubi
790 3191 831 3255 ad
855 3211 989 3255 oooasus
1013 3193 1143 3255 nostros
1167 3189 1216 3254 sol
1240 3188 1357 3273 aspioit
1380 3194 1480 3268 ortus,

602 3297 668 3362 illio
693 3304 763 3362 orta
786 3297 855 3361 dies
879 3297 1000 3382 sopitas
1024 3296 1145 3361 excitet
1167 3297 1264 3361 urbes

601 3412 633 3469 et
657 3426 730 3469 eum
754 3405 826 3469 luce
850 3404 951 3469 refert
974 3424 1110 3489 operum
1133 3404 1322 3469 uadimonia
1345 3405 1456 3482 terris3

549 3536 589 3576 ass
605 3534 662 3576 uos
686 3513 719 3576 in
743 3517 840 3576 noete
864 3533 976 3575 sumus
1000 3532 1196 3596 somnosque
1219 3512 1252 3576 in
1276 3512 1423 3576 membra
1448 3533 1611 3577 uooamus.

604 3626 721 3704 pontus
745 3626 899 3704 utrosque
923 3619 991 3683 suis
1015 3617 1185 3702 distinguit
1208 3624 1240 3684 et
1262 3618 1377 3704 alligat
1400 3620 1505 3684 nudis.

657 3727 719 3791 hoo
743 3748 824 3813 opus
846 3726 986 3792 inmensi
1009 3732 1230 3791 constructum
1255 3748 1389 3812 eorpore
1412 3728 1525 3793 mundi

605 3835 815 3919 membraque
838 3841 974 3900 naturae
997 3834 1128 3899 diuersa
1152 3826 1282 3899 condita
1305 3833 1410 3898 forma

605 3937 693 4003 aeria
718 3942 815 4020 atque
839 3938 928 4022 tynis
951 3944 1079 4003 terrrae
1099 3938 1277 4023 pelaqique
1300 3938 1441 4004 iacentis

550 4072 591 4113 aso
605 4048 655 4111 uis
679 4048 806 4112 animae
830 4047 942 4112 diuina
965 4048 1059 4132 regit,
1084 4069 1241 4134 saeuoque
1265 4055 1374 4115 meatu

604 4156 768 4240 conspirat
791 4156 871 4222 deus
895 4160 927 4220 et
950 4156 1048 4220 tacita
1072 4156 1198 4221 ratione
1222 4158 1383 4241 gubernat

605 4267 782 4348 mutuaque
805 4264 838 4327 in
864 4269 995 4328 cunetas
1019 4263 1185 4348 dispensat
1209 4263 1341 4329 foedera
1365 4272 1482 4350 partes,

550 4441 604 4495 aro
622 4425 768 4495 ormam
787 4442 909 4496 auserem
923 4454 950 4493 m
971 4440 1107 4495 colmano
1120 4455 1160 4508 gc
1175 4468 1207 4477 --
1223 4442 1271 4495 an
1291 4443 1477 4511 quemme
1490 4457 1506 4497 0
1521 4472 1553 4478 --
1568 4444 1619 4496 aar
1636 4445 1760 4512 sesag

444 4542 534 4609 deficit
547 4557 569 4592 ω
590 4568 621 4576 -
643 4538 695 4593 223
708 4539 887 4607 confundiag
905 4539 1051 4605 omtfundit
1064 4554 1085 4588 ω
1105 4567 1137 4575 -
1158 4540 1224 4607 post
1243 4541 1295 4593 223
1316 4538 1440 4595 habeto
1465 4542 1525 4595 226.
1545 4542 1605 4595 225.
1627 4542 1686 4596 224.
1707 4543 1758 4596 222

442 4638 473 4693 in
498 4638 509 4692 l
533 4637 668 4706 adpictae
693 4639 762 4690 suut
786 4634 903 4690 litterae
928 4635 984 4703 deb
1004 4665 1036 4670 -
1062 4637 1113 4689 221
1134 4638 1237 4691 lumine
1257 4641 1384 4706 yenteao
1416 4668 1445 4675 —
1475 4641 1527 4694 227
1550 4654 1697 4708 seroqueo
1726 4669 1758 4677 —

443 4738 496 4791 228
506 4736 611 4791 aenselo
623 4764 655 4770 -
665 4735 716 4788 229
733 4735 880 4802 deficereto
897 4703 966 4789 toio'i
978 4736 1027 4788 toti
1035 4749 1089 4801 gru
1100 4739 1176 4789 toton
1187 4764 1218 4771 —
1231 4736 1284 4791 233
1294 4737 1429 4792 aeclisiae
1439 4766 1471 4773 —
1483 4738 1535 4791 235
1547 4742 1686 4792 terram
1697 4753 1713 4792 0
1725 4767 1757 4774 -

444 4835 496 4889 238
515 4832 626 4913 eadelm
647 4832 872 4899 toringubae
895 4866 930 4872 -
955 4830 1006 4886 245
1025 4849 1181 4900 somnosque
1199 4835 1229 4911 in
1249 4837 1316 4888 lmu
1334 4851 1439 4888 someron
1457 4836 1487 4888 in
1506 4850 1525 4902 g
1545 4836 1663 4889 locamus
1680 4852 1696 4888 o
1724 4866 1758 4873 -

445 4934 494 4987 251
517 4917 590 4987 tedia
603 4945 631 4986 m
654 4959 685 4968 -
706 4930 757 4983 252
781 4917 802 4948 ⁰‘
818 4930 907 4984 multu
922 4944 949 4983 m
969 4934 994 4984 et
1012 4930 1103 4983 multa
1121 4927 1177 4997 lgc
1192 4935 1288 5000 portes
1301 4945 1326 4985 ο.
