4134 5834
915 578 1001 635 Liber
1018 578 1066 635 lv.
1102 579 1254 637 874-908.

583 802 616 861 st
638 796 790 861 fraudare
813 795 916 875 bunis,
940 816 1024 880 qnae
1047 816 1108 860 nec
1131 794 1212 860 deus
1235 795 1360 860 inuidet
1381 796 1461 887 ipse,

528 926 569 969 ars
584 925 729 990 quosque
752 903 841 968 dedit
862 908 979 968 natura
1001 903 1112 967 oculos
1134 903 1296 988 deponere
1319 903 1460 968 mentis?
1568 905 1571 912 ‘

581 1011 793 1096 perspicimus
817 1010 956 1090 caelum3
980 1031 1039 1075 cur
1061 1031 1126 1075 non
1150 1016 1183 1076 θῖ
1205 1032 1342 1076 munera
1365 1010 1467 1075 caeli?

580 1118 679 1204 inque
702 1118 789 1203 ipsos
812 1117 941 1203 penitus
963 1117 1076 1182 mnndi
1100 1117 1297 1182 descendere
1321 1139 1436 1182 census

583 1225 824 1311 seminibusque
847 1226 914 1289 suis
936 1230 1061 1289 tantam
1085 1246 1279 1310 componere
1302 1225 1422 1291 molem

502 1388 506 1396 .
583 1338 616 1398 et
637 1338 767 1420 partum
790 1332 873 1397 caeli
896 1354 956 1397 sua
977 1353 1037 1418 per
1059 1331 1199 1397 nutricia
1221 1332 1307 1397 ferre

528 1462 570 1508 sen
583 1446 828 1526 extremumque
850 1441 943 1525 sequi
964 1445 1100 1526 pontum
1123 1446 1293 1525 terraeque
1317 1440 1425 1506 subire

581 1548 753 1635 pendentis
777 1554 899 1613 tractus
922 1553 955 1612 et
977 1555 1044 1614 tcto
1068 1549 1180 1613 uiuere
1203 1549 1237 1612 in
1261 1549 1350 1629 orbe,

583 1661 705 1741 quanta
727 1661 760 1721 et
781 1677 858 1742 pars
880 1661 1038 1741 superest,
1062 1656 1220 1721 rationem
1243 1656 1362 1721 ducere
1385 1658 1495 1723 nostis.

582 1763 648 1827 iam
671 1784 833 1849 nusquam
855 1769 973 1828 natura
994 1764 1088 1845 latet3
1111 1763 1312 1849 peruidimus
1335 1756 1464 1829 omnem

584 1876 616 1934 θῖ
639 1876 733 1956 cepto
756 1869 899 1956 potimur
919 1871 1043 1936 mundo
1066 1877 1277 1957 nostrumque
1299 1878 1467 1956 parentem

529 1999 660 2063 uespere
683 1999 742 2043 sua
763 1978 987 2065 perspicimus,
1011 1978 1177 2064 genitique
1199 1978 1384 2044 accedimns
1407 1980 1510 2044 astris.

582 2107 624 2150 au
647 2085 782 2151 dubium
806 2092 865 2169 est,
887 2087 1035 2152 habitare
1058 2086 1155 2151 deum
1180 2087 1238 2152 sub
1262 2092 1392 2172 pectore
1415 2093 1535 2170 nostro,

583 2190 832 2280 incestumque
854 2194 961 2263 redire
985 2194 1110 2259 animas
1134 2194 1288 2280 caeloque
1311 2194 1445 2260 uenire?

583 2305 683 2386 utque
707 2301 749 2365 sit
771 2323 811 2366 ex
834 2302 923 2366 omni
946 2307 1149 2367 constructus
1173 2322 1307 2387 corpure
1328 2302 1479 2383 muudus,

584 2407 668 2472 neris
690 2413 787 2493 atque
811 2409 896 2495 ignis
919 2411 1039 2475 summi
1061 2415 1232 2495 terraeque
1255 2409 1430 2495 marisque,

530 2536 571 2581 esc
584 2514 716 2601 spiritus
739 2521 772 2580 et
793 2522 883 2582 motu
905 2517 1031 2602 rapido,
1056 2538 1140 2601 quae
1162 2517 1260 2597 iussa,
1283 2517 1452 2602 gubernet,

584 2621 630 2686 sic
653 2643 724 2688 θεεθ
746 2624 781 2688 in
804 2623 897 2689 nobis
920 2629 1070 2689 terrenae
1094 2644 1231 2709 corpora
1253 2624 1348 2689 sortis

583 2731 842 2817 sanguineasque
865 2723 1001 2813 animas,
1026 2732 1182 2813 animum,
1207 2732 1262 2817 qui
1285 2737 1401 2796 cuncta
1423 2732 1584 2817 gubernat

584 2837 813 2924 dispeusatque
837 2839 1022 2905 hominem?
1070 2839 1148 2925 quid
1170 2839 1298 2920 mirum,
1323 2859 1457 2904 noscere
1480 2839 1636 2905 mnndum

586 2946 614 3010 si
636 2952 772 3031 possunt
793 2946 951 3029 homines,
975 2947 1093 3034 quibus
1116 2953 1165 3012 θεῖ
1187 2953 1220 3011 et
1242 2946 1382 3011 mundus
1405 2948 1440 3012 in
1463 2948 1550 3033 ipsis,

532 3074 572 3120 eae
587 3052 836 3139 exemplumque
859 3056 911 3119 dei
935 3056 1072 3141 quisque
1096 3056 1200 3119 estin
1224 3054 1366 3138 imagine
1389 3053 1513 3140 parua?

584 3182 625 3225 an
650 3162 800 3247 cuiqnam
824 3163 959 3247 genitos,
983 3162 1047 3227 nisi
1070 3162 1171 3242 caelo,
1196 3162 1401 3226 crederesne
1425 3167 1474 3227 θεῖ

584 3287 654 3333 θεεθ
678 3268 845 3333 homiues?
891 3270 1035 3354 proiecta
1059 3270 1165 3333 iacent
1188 3269 1342 3334 animalia
1365 3274 1481 3333 cuncta

584 3375 617 3438 in
641 3380 727 3440 tarra
751 3374 803 3439 uel
826 3396 933 3440 mersa
955 3376 1048 3441 uadis
1069 3376 1123 3440 uel
1146 3377 1180 3439 in
1204 3383 1278 3440 edre
1301 3375 1458 3461 pendent3

584 3481 735 3547 omnibns
759 3504 824 3547 una
847 3483 948 3566 quies,
972 3490 1087 3548 uenter
1111 3504 1289 3568 censusque
1313 3505 1371 3569 per
1395 3490 1493 3564 artus,

530 3608 572 3652 ccc
586 3594 618 3652 et
641 3589 718 3674 qnia
741 3589 911 3656 consilium
935 3597 1081 3673 nonest,
1106 3597 1138 3655 et
1159 3592 1271 3676 lingua
1294 3594 1438 3657 remissa.

584 3696 680 3761 nnius
703 3698 866 3782 inspectus
889 3719 997 3763 rerum
1021 3700 1171 3784 uiresque
1194 3698 1348 3785 loquendi

584 3804 815 3891 ingeniumque
839 3826 955 3891 capam
980 3807 1152 3892 uariasque
1176 3806 1322 3871 educitur
1346 3814 1431 3871 artes

584 3909 637 3975 hic
660 3918 781 3997 partus,
806 3915 861 3999 qui
885 3919 1002 3979 cuncta
1024 3914 1122 3999 regit:
1147 3914 1279 3979 secessit
1299 3915 1332 3979 in
1357 3916 1463 3998 nrbes,

531 4193 852 4262 876m0‘muneal-
861 4209 912 4265 877
922 4208 1071 4279 mmmlg
1079 4238 1111 4247 -
1121 4211 1174 4265 878
1185 4224 1367 4277 componerem
1380 4238 1412 4246 —
1420 4211 1473 4265 879
1482 4208 1607 4263 uictricia
1615 4223 1642 4263 m
1650 4207 1696 4276 (L)
1705 4238 1738 4247 —

411 4303 478 4387 ,880
488 4306 626 4371 portame
640 4333 672 4341 -
686 4306 739 4360 889
750 4308 854 4374 uuna
870 4309 922 4361 etc
939 4308 1098 4362 raticncmo
1117 4307 1217 4362 discere
1230 4306 1380 4375 nectieglc
1398 4326 1422 4362 r.
1436 4306 1690 4362 dnoernenoetim
1704 4335 1738 4345 -

424 4400 477 4455 889
504 4400 644 4456 acam
674 4401 854 4471 terraquclm
882 4432 914 4441 -
943 4405 996 4460 890
1022 4403 1224 4473 spiritumcet
1254 4407 1378 4459 totamm
1404 4401 1426 4472 ΙΙΙ
1447 4411 1472 4459 et
1491 4406 1574 4472 eng
1597 4411 1622 4459 et
1641 4403 1739 4460 tctclc

362 4521 366 4534 =
424 4497 532 4554 sano
556 4499 761 4569 wnmatIg
789 4501 953 4572 camec
977 4502 1234 4571 pubmmtm-
1261 4503 1312 4558 891
1342 4504 1511 4557 terremur
1536 4510 1676 4572 terreneg
1705 4532 1738 4540 -

425 4598 478 4653 898
495 4596 600 4652 tom
619 4595 1013 4668 ttequidgds'epimctm—
1027 4602 1083 4655 894
1098 4600 1221 4656 colloca
1209 4602 1305 4670 ttpcs
1322 4602 1406 4668 8953
1424 4599 1738 4670 mundiuipetegm-

425 4695 1390 4766 8960utceusqnnmc-899oernumqaecartnl(cadd.ccrr.-)
1403 4682 1740 4768 tolsmusssinmectssl

426 4794 1022 4864 unwampoeaeugcmtmpoeusm
1042 4795 1207 4864 loquendam
1230 4825 1261 4833 -
1283 4797 1336 4852 908
1354 4797 1484 4871 quicuque
1502 4796 1597 4872 regite
1619 4796 1741 4854 sueti

426 4892 990 4962 umagcsicoeatminorcegin
1007 4893 1168 4951 crteslmc
