4134 5834
921 624 1008 683 Liber
1026 624 1048 681 Ι.
1085 622 1236 681 aaa-854.

583 851 616 910 et
638 851 704 909 tam
728 866 830 931 parua
853 845 960 909 forent
983 843 1128 909 accensis
1151 848 1298 928 tempora
1319 839 1469 921 flammis,

583 953 664 1017 alter
687 959 781 1017 nocte
805 953 874 1016 dies
898 957 994 1031 esset,
1018 952 1208 1047 caelumque
1232 949 1352 1014 rediret

529 1060 748 1126 aaoinuersum
772 1067 805 1125 et
827 1081 940 1125 somno
964 1066 1066 1124 totum
1090 1059 1304 1144 deprenderet
1326 1058 1447 1122 orbem.

585 1175 652 1232 tum
676 1169 840 1253 quianon
866 1190 930 1232 una
953 1169 1061 1253 specie
1085 1166 1281 1252 dispergitur
1305 1164 1409 1229 omnis

582 1275 703 1339 aridior
726 1283 831 1340 terrae
855 1297 958 1361 uapor
981 1283 1012 1338 et
1037 1274 1278 1359 comprenditur
1301 1272 1379 1355 igni,

583 1382 730 1447 diuersas
753 1404 881 1468 quoque
904 1404 963 1468 per
987 1382 1088 1446 iacies
1111 1402 1248 1445 accensa
1270 1379 1420 1443 feruntur

582 1491 717 1570 lumina,
741 1512 824 1575 quae
848 1490 962 1554 subitis
986 1488 1128 1553 existunt
1151 1493 1227 1551 nata
1250 1486 1401 1549 tenebris.

529 1621 569 1664 aas
584 1620 658 1661 nam
683 1598 789 1678 modo,
814 1619 873 1661 ceu
896 1597 985 1680 longi
1008 1596 1135 1660 fluitent
1158 1595 1198 1658 de
1222 1594 1343 1658 uertice
1367 1592 1483 1672 crines,

582 1706 715 1769 flamma
738 1726 847 1769 comas
870 1705 996 1769 imitato
1020 1704 1118 1783 uolat,
1142 1703 1313 1785 tenuisque
1337 1700 1469 1785 capillos

583 1813 717 1877 diffusos
739 1813 839 1877 radiis
863 1814 1050 1877 ardentibus
1074 1811 1213 1896 explicat
1235 1810 1329 1895 ignis.

583 1941 668 1985 nunc
692 1921 781 2005 prior
804 1921 884 1984 haec
908 1920 1031 2005 species
1056 1918 1209 2003 dispersis
1233 1917 1377 1981 crinibus
1400 1916 1474 1996 exit,

583 2035 615 2092 et
639 2029 766 2113 glomus
790 2029 932 2092 ardentis
956 2028 1103 2112 sequitur
1126 2027 1186 2091 sub
1210 2025 1352 2109 imagine
1376 2024 1495 2088 barbae

529 2136 668 2200 mohirto
692 2136 863 2218 figurantis
885 2136 1024 2199 tremulo
1049 2134 1108 2199 sub
1134 2139 1263 2218 pectore
1287 2135 1406 2195 menta.

528 2243 745 2308 meinterdum
769 2243 898 2328 aequali
920 2243 1059 2308 laterum
1083 2241 1275 2326 compagine
1299 2239 1415 2303 ductus

583 2352 817 2436 quadratamue
840 2352 965 2415 trabem
989 2351 1083 2435 fingit
1105 2355 1283 2413 teretemue
1307 2346 1501 2411 columnam.

583 2459 660 2543 quin
685 2459 782 2522 etiam
806 2458 937 2523 tumidis
961 2464 1121 2541 exaequat
1144 2457 1230 2520 dolia
1253 2454 1392 2518 flammis

583 2588 717 2652 procero
741 2566 882 2630 distenta
905 2572 1014 2630 uteros
1037 2585 1220 2650 paruosque
1244 2562 1370 2627 catillos

584 2676 738 2738 mentitur
761 2695 879 2738 curuos
904 2673 987 2758 ignis
1010 2674 1210 2756 glomeratus
1232 2671 1265 2735 in
1291 2671 1393 2734 orbes.

529 2803 569 2843 sss
584 2780 751 2865 lampadas
774 2788 806 2845 et
829 2781 922 2845 fissas
945 2801 1091 2845 ramosos
1115 2779 1222 2844 fundit
1243 2779 1277 2842 in
1300 2779 1401 2863 ignes.

582 2888 776 2972 praecipites
799 2888 911 2953 stellae
936 2888 1121 2973 passimque
1145 2888 1255 2951 uolare
1281 2885 1442 2964 uidentur,

585 3016 658 3060 cum
683 3015 768 3078 uaga
788 3016 846 3079 par
869 2995 1008 3059 nitidum
1032 2995 1208 3058 scintillant
1231 2994 1355 3058 lumina
1379 2990 1536 3055 muudum

584 3109 615 3166 et
639 3108 769 3166 tenuem
792 3102 898 3187 longis
922 3103 1105 3166 iaculantur
1128 3101 1270 3165 crinibus
1293 3102 1418 3185 ignem;

529 3234 570 3275 sao
585 3216 823 3294 excurruutque
847 3210 960 3294 procul
983 3209 1125 3273 uolucris
1149 3209 1274 3272 imitato
1298 3208 1443 3293 sagittas,

584 3318 675 3382 arida
699 3339 772 3382 cum
797 3317 910 3401 gracili
933 3323 1086 3380 tenuatur
1110 3317 1225 3380 semita
1247 3316 1312 3380 filo.

583 3431 658 3489 sunt
683 3431 790 3487 autem
815 3424 939 3488 cunctis
963 3424 1114 3507 permixti
1137 3423 1282 3508 partibus
1305 3424 1407 3507 ignes,

584 3533 638 3616 qui
661 3532 816 3617 grauidas
839 3530 988 3594 habitant
1009 3530 1199 3594 fabricantis
1222 3531 1360 3595 fulmina
1383 3531 1485 3595 nubes

583 3645 616 3703 et
638 3645 809 3723 penetrant
833 3645 934 3702 terras
958 3638 1162 3722 Aetnamque
1187 3638 1351 3703 minantur
1373 3638 1511 3723 Olympo

529 3880 581 3933 828
599 3893 693 3945 praua
708 3892 737 3931 m
758 3878 867 3933 accestis
881 3891 910 3931 m
931 3908 962 3916 —
983 3880 1035 3933 839
1054 3877 1160 3947 diesque
1174 3878 1360 3948 mreditq.1n
1381 3908 1413 3917 -
1436 3881 1489 3934 880
1505 3878 1665 3933 imolensium
1679 3877 1736 3947 lgc

422 3977 577 4032 inmensum
594 3990 624 4029 m
640 3961 864 4043 deprehenderitl
881 3974 1088 4043 deprehenderet
1099 3991 1127 4030 m
1141 3976 1315 4045 deprenderet
1325 3992 1407 4045 gc-
1421 3978 1471 4032 831
1485 3979 1621 4031 tuaco-
1630 3979 1682 4032 833
1693 3994 1737 4031 ar·

422 4074 543 4129 ridiorm
558 4073 732 4142 coaequale
747 4077 889 4143 1333338111
903 4073 1179 4171 coraprslrendituglm
1192 4074 1394 4143 comprenditur
1402 4090 1479 4143 83
1447 4075 1539 4130 -833
1549 4074 1646 4130 deest
1638 4087 1735 4143 rug-

423 4140 1178 4240 83538333313333-83813331333333331111313
1195 4173 1302 4240 capillos
1314 4188 1341 4227 m
1355 4174 1545 4243 3383111338-
1559 4173 1634 4228 831
1623 4173 1734 4242 aperiam

422 4269 1687 4385 193333-8383833313383331333-8399138333-8413331133131333383331338338
1702 4301 1734 4308 -

423 4369 475 4423 842
504 4368 711 4422 1133311331-
741 4369 793 4422 843
812 4354 942 4435 procerel
962 4348 1102 4435 prosario
1121 4384 1261 4438 proorrcg
1278 4374 1487 4437 proceromt
1455 4371 1564 4425 aterosl
1581 4374 1736 4437 uterosgm

423 4474 498 4522 utero
515 4481 531 4521 3
546 4468 689 4534 partesque
706 4464 762 4533 183
776 4470 898 4533 partam
912 4480 941 4519 m
963 4467 1073 4534 capellos
1090 4467 1122 4521 lc
1140 4466 1247 4535 cupidos
1264 4483 1282 4535 8
1300 4469 1413 4535 repedas
1429 4484 1507 4523 rn—
1524 4472 1576 4525 844
1593 4471 1690 4539 pararis
1703 4471 1735 4526 13

419 4564 517 4634 paruis
530 4580 549 4632 8
563 4580 667 4631 paruos
679 4578 707 4616 m
725 4562 808 4631 sienis
821 4577 837 4616 o
852 4564 1016 4630 pbnreratur
1028 4580 1048 4632 g
1062 4565 1224 4633 pbnrcratur
1236 4564 1333 4619 1111-
1348 4568 1400 4622 845
1414 4567 1525 4623 tremido
1537 4568 1585 4622 sub
1598 4569 1693 4623 limine
1706 4586 1734 4624 m

423 4677 555 4717 memoro
574 4691 605 4699 —
625 4663 676 4714 846
696 4660 823 4726 lampada
835 4667 859 4713 ct
873 4675 901 4713 m
918 4660 1018 4729 iqneso
1037 4692 1069 4699 -
1088 4665 1139 4718 841
1155 4663 1306 4731 passimque
1318 4664 1438 4719 arolareo
1457 4694 1490 4703 -
1509 4669 1561 4721 848
1573 4665 1691 4721 nitidum
1703 4666 1735 4735 18

423 4759 554 4815 mundum
569 4774 595 4812 m
608 4757 732 4826 liquidam
745 4773 760 4810 3
774 4786 807 4794 -
821 4760 874 4812 850
885 4764 1008 4813 micat
1018 4775 1060 4828 8ο
1072 4760 1147 4815 uiam
1162 4776 1188 4814 m
1198 4761 1294 4828 procrd
1305 4777 1327 4812 ro
1339 4763 1454 4818 uolucris
1462 4763 1508 4818 lm
1520 4765 1735 4833 3313333383-

425 4857 476 4913 852
499 4855 633 4911 cunctim
654 4854 785 4923 permixti
801 4854 812 4909 1
836 4884 869 4893 -
893 4857 946 4911 858
960 4857 1125 4922 fabricantes
1142 4874 1159 4913 o
1180 4858 1319 4920 3333115
1342 4859 1396 4928 (b.)
1421 4862 1503 4917 nubes
1524 4878 1598 4934 gom
1620 4862 1676 4930 (E.)
1701 4892 1732 4900 —

424 4958 477 5011 854
494 4954 652 5022 edimmqroe
664 4951 700 5022 18
717 4952 892 5025 3383333933
905 4968 945 5021 rnq
