4134 5834
865 1400 1010 1479 LIBER
1038 1398 1313 1481 SECUNDUS.

598 1653 777 1755 Maximus
799 1688 919 1753 Iliacae
942 1689 1049 1771 gentis
1072 1688 1250 1753 certamina
1273 1692 1383 1752 uates*

600 1804 632 1863 et
655 1796 890 1882 quinquaginta
912 1817 1027 1882 regum
1051 1817 1226 1883 regemque
1249 1800 1440 1881 patremque

600 1910 707 1970 eastra
729 1904 849 1969 dueum
872 1911 905 1968 et
927 1904 1008 1968 caeli
1031 1905 1216 1990 uiotamque
1240 1905 1300 1969 sub
1324 1902 1466 1967 Hectore
1490 1899 1623 1965 Troiam

600 2032 807 2096 erroremque
830 2011 922 2076 ducis
944 2011 1079 2077 totidem
1103 2018 1182 2097 quot
1204 2011 1329 2076 uicerat
1351 2011 1445 2075 anuis

572 2120 773 2185 eiustautem
796 2119 880 2183 bello
904 2118 1070 2203 geminata
1091 2140 1150 2205 per
1173 2120 1304 2205 agmina
1327 2123 1426 2203 ponto

599 2227 776 2312 ultimaque
799 2227 833 2290 iu
856 2225 962 2311 patria
984 2226 1152 2312 captisque
1175 2226 1346 2312 penatibus
1370 2245 1461 2290 arma

601 2355 656 2399 ore
679 2355 771 2400 saoro
794 2333 925 2414 oeoinit;
949 2335 1074 2419 patriae
1098 2334 1150 2399 eui
1173 2335 1245 2398 iura
1266 2333 1390 2419 petenti

600 2442 679 2507 dum
702 2441 800 2506 dabat
822 2442 951 2527 eripuit,
975 2442 1131 2526 cuiusque
1155 2449 1196 2507 ex
1218 2462 1273 2506 ere
1296 2441 1447 2527 profusos

600 2550 705 2614 omnis
728 2547 899 2635 posteritas
921 2549 1033 2613 latioee
1057 2549 1090 2613 iu
1114 2550 1259 2614 earmina
1281 2548 1372 2614 duxit

560 2680 587 2723 10
600 2677 794 2742 amnemque
817 2657 852 2722 iu
875 2656 981 2722 tenuis
1004 2677 1084 2722 ausa
1108 2662 1156 2722 est
1178 2657 1331 2722 diducere
1354 2657 1442 2721 riuos

598 2764 695 2829 uuius
717 2763 858 2830 fecunda
879 2764 983 2830 bonis.
1031 2764 1089 2830 sed
1112 2765 1278 2852 proximus
1301 2764 1347 2828 illi

600 2870 762 2936 Hesiodus
785 2877 945 2937 memorat
967 2872 1060 2937 diuos
1083 2872 1261 2957 diuumque
1284 2876 1436 2957 parentes

601 2985 633 3043 et
656 2978 753 3044 chaos
776 2980 906 3044 enixum
931 2985 1033 3046 terras
1057 2980 1233 3065 orbemque
1257 2978 1317 3043 sub
1341 2979 1396 3044 ille

601 3086 757 3151 infantem
781 3093 812 3152 et
835 3087 957 3174 primos
980 3088 1153 3154 titubantia
1176 3087 1282 3151 sidera
1305 3108 1419 3152 oureus

561 3216 586 3258 15
600 3195 782 3279 titanasque
805 3215 899 3259 senes
922 3194 1010 3259 Iouis
1033 3201 1066 3260 et
1089 3195 1250 3259 cunabula
1274 3196 1384 3281 magui

600 3308 633 3367 et
655 3303 715 3367 sub
738 3301 839 3366 fratre
862 3301 925 3366 uiri
947 3323 1066 3366 nomen
1090 3302 1159 3366 siue
1183 3307 1286 3366 matre
1308 3304 1453 3388 parentis

599 3414 697 3495 atque
719 3410 838 3473 iterum
861 3408 965 3494 patrio
989 3415 1176 3474 uasoeutem
1200 3430 1333 3494 corpore
1357 3410 1532 3475 Beeehuru.

601 3512 775 3596 monteque
798 3512 946 3579 inmenso
969 3512 1150 3579 uolitaottia
1174 3513 1302 3582 lumina
1324 3515 1462 3583 arundo.

599 3623 677 3709 quin
700 3624 798 3689 etiam
822 3624 907 3688 ruris
929 3624 1034 3689 oultus
1057 3625 1211 3710 legesque
1235 3625 1360 3689 notauit

558 3755 585 3796 ao
598 3733 812 3817 militiamque
835 3732 909 3811 soli;
934 3732 1020 3818 quod
1044 3732 1142 3797 eolles
1166 3731 1314 3797 Baoohus
1337 3740 1472 3816 amaret,

600 3840 686 3925 quod
709 3839 851 3905 fecunda
874 3838 972 3905 Ceres
996 3862 1137 3926 campos,
1162 3839 1248 3926 quod
1272 3840 1380 3905 Pallas
1405 3847 1591 3927 utrumque,

599 3954 696 4035 atque
719 3948 852 4013 arbusta
874 3950 967 4034 uagis
991 3956 1099 4014 esseut
1122 3948 1208 4035 quod
1232 3949 1381 4014 adultera
1404 3950 1520 4035 pomis,

550 4142 747 4199 tueimroelm
767 4142 1049 4214 -Bheotoreamqroe
1065 4144 1165 4213 facito
1185 4146 1351 4214 tuamqueo
1376 4150 1524 4215 troyamm
1549 4140 1755 4213 —4qrrodlo

438 4226 665 4312 quotgqaoiim
688 4270 721 4279 -
746 4241 974 4311 509miaalgm
996 4240 1392 4312 aeqrcorao(i¹'.i1.v.2)-
1420 4239 1755 4311 capuegmpueqal

438 4340 585 4410 capitisque
595 4354 623 4394 m
636 4368 668 4376 -
679 4341 694 4393 7
706 4339 825 4409 patr-too
838 4355 932 4409 qaoeo
943 4343 1103 4410 petmtemo
1117 4368 1149 4377 —
1161 4341 1228 4408 post
1241 4343 1256 4394 1
1268 4339 1401 4409 sequitur
1413 4340 1505 4395 orinia
1514 4340 1683 4409 pmrolitona
1695 4338 1754 4406 (82)

439 4439 469 4494 iu
481 4437 775 4494 metu-8datitm
789 4437 1185 4508 emaqoemfflmoamam
1199 4438 1493 4507 profusoeglotiteem
1508 4436 1554 4506 (E)
1569 4435 1755 4503 barrama)
1855 4460 1860 4466 ·

440 4539 562 4593 tamor
580 4535 683 4604 uteitg
700 4565 734 4574 -
757 4535 789 4591 10
809 4538 927 4591 mmo
946 4535 1102 4591 ἀεόιωενσο
1120 4566 1153 4574 -
1174 4537 1203 4590 11
1223 4535 1376 4605 ὸοιιίες-
1393 4538 1424 4590 12
1443 4529 1757 4606 porentielpareats'eg

438 4636 600 4705 mantiam
624 4663 657 4673 -
683 4636 715 4690 18
738 4633 862 4690 cutorm
887 4663 919 4671 -
947 4637 978 4689 14
1001 4649 1133 4704 eorpreo
1159 4667 1192 4676 -
1220 4636 1250 4690 15
1275 4625 1378 4690 sorar
1401 4634 1503 4690 tanim
1526 4634 1662 4691 ambare
1686 4633 1756 4689 lmo

438 4734 508 4789 mute
529 4737 557 4789 et
577 4749 597 4803 g
620 4763 653 4773 -
681 4735 712 4788 16
729 4732 854 4801 fratreo
875 4760 908 4769 -
929 4736 960 4788 17
979 4732 1091 4787 baritum
1109 4747 1126 4788 o
1145 4765 1179 4773 —
1202 4735 1234 4788 18
1251 4732 1398 4788 taruaneol
1418 4724 1572 4788 itomanam
1589 4731 1757 4802 numinalg

440 4841 546 4897 lumino
558 4858 574 4897 a
587 4870 620 4878 —-
637 4841 668 4895 19
681 4808 781 4911 ᾳιιᾛε
794 4854 813 4908 g
825 4839 932 4910 roqarit
942 4838 985 4894 tm
993 4801 1124 4895 041312ήί
1135 4855 1155 4908 g
1169 4867 1200 4876 —
1219 4840 1254 4893 10
1265 4840 1330 4907 qaid
1342 4838 1353 4894 l
1366 4844 1472 4895 aomret
1483 4840 1551 4895 lmu
1564 4819 1670 4897 amarit
1683 4855 1702 4909 g
1721 4868 1755 4878 -

440 4944 472 4997 21
492 4940 626 4997 boehm.
