4134 5834
841 654 967 713 Liberi.
1004 658 1155 715 ara-648.

501 895 624 960 perque
647 874 745 959 pedes
768 874 890 959 primos
913 873 1075 939 ceruicem
1098 876 1214 940 transit
1236 882 1269 940 et
1292 896 1396 957 ursae,

447 1005 489 1048 sao
503 1003 601 1070 quam
624 988 747 1068 septem
771 981 884 1046 stellae
908 983 1046 1067 primam
1070 983 1135 1047 iam
1158 983 1227 1048 solo
1251 989 1374 1049 remoto

503 1089 686 1175 producunt
709 1090 821 1174 nigrae
845 1091 1054 1175 praebentem
1079 1091 1203 1156 lumina
1226 1092 1322 1169 nocti,

503 1204 535 1261 et
557 1197 695 1282 geminis
719 1218 873 1261 cancrum
896 1197 1018 1262 dirimit
1041 1198 1235 1284 stringitque
1258 1197 1449 1282 flagrantem

504 1327 559 1370 ore
583 1327 698 1370 canem
723 1305 916 1391 clauumque
940 1307 1028 1387 ratis,
1053 1328 1137 1392 quae
1161 1306 1284 1370 uicerat
1307 1328 1437 1392 aequor.

503 1414 578 1479 inde
602 1435 696 1478 axem
720 1413 881 1479 occultum
904 1435 963 1499 per
985 1415 1057 1499 gyri
1080 1414 1174 1499 sigua
1196 1413 1312 1500 prioris

450 1545 490 1587 666
504 1529 690 1587 transuersa
713 1527 810 1606 atque
833 1521 888 1608 illo
913 1542 1023 1587 rursus
1047 1521 1087 1586 de
1111 1521 1213 1586 limite
1235 1522 1341 1606 tangit

503 1636 546 1709 te,
569 1630 767 1714 caprioome‚
792 1628 920 1714 tuisque
944 1629 1086 1715 aquilam
1110 1629 1260 1715 designat
1282 1631 1323 1695 ab
1347 1630 1442 1694 astris

502 1758 624 1823 perque
647 1738 751 1823 lyram
775 1737 938 1801 inuersam
962 1758 1096 1802 currens
1119 1738 1287 1823 spirasque
1311 1737 1462 1802 draconis

504 1845 683 1931 posteriora
704 1844 823 1930 pedum
848 1842 1037 1930 Cynosurae
1060 1846 1215 1931 praeterit
1237 1851 1325 1910 astra

503 1960 787 2037 transuersamque
810 1959 898 2017 secat
922 1953 1028 2017 uicino
1053 1953 1184 2019 cardine
1208 1954 1355 2018 caudam.

450 2084 490 2126 666
505 2061 556 2124 hic
581 2062 698 2125 iterum
722 2061 785 2125 coit
807 2061 877 2146 ipse
900 2062 962 2126 sibi
985 2082 1110 2126 memor
1133 2062 1220 2126 unde
1244 2062 1418 2148 proiectus.

556 2174 653 2252 atque
677 2168 727 2232 his
751 2174 917 2234 aeternam
940 2169 1081 2233 fixerunt
1104 2176 1251 2255 tempora
1273 2170 1384 2234 sedem

503 2276 633 2340 inmotis
656 2296 715 2360 per
737 2276 830 2360 signa
853 2276 958 2340 modis
980 2276 1119 2341 statione
1142 2278 1287 2363 perenni.

503 2385 561 2447 hos
584 2382 726 2448 uolucris
749 2383 856 2448 fecere
880 2384 975 2463 du0s3
999 2406 1141 2469 namque
1164 2386 1246 2450 alter
1269 2385 1310 2450 ab
1333 2385 1403 2471 ipsa

503 2512 702 2577 consurgens
724 2490 840 2556 Helice
863 2492 1006 2557 medium
1029 2493 1188 2578 praecidit
1211 2493 1385 2580 Olympum

450 2623 490 2663 666
504 2600 721 2683 discernitque
744 2599 831 2663 diem
854 2606 1043 2686 sextamque
1068 2602 1232 2666 examinat
1254 2602 1368 2666 horam

503 2713 535 2769 ot
557 2706 690 2791 paribus
712 2707 824 2791 spatiis
848 2727 980 2772 occasus
1004 2710 1108 2773 cernit
1130 2715 1162 2773 et
1185 2715 1284 2773 ortm.

503 2813 556 2878 hio
579 2820 683 2878 mutat
705 2835 763 2899 per
785 2815 879 2899 sigua
901 2815 1003 2880 uices:
1029 2837 1088 2880 ceu
1112 2818 1139 2881 si
1163 2817 1234 2901 quis
1258 2837 1333 2880 eoos

504 2942 561 2985 seu
586 2922 665 3006 petit
688 2923 863 3014 hesperios,
888 2943 987 3007 supra
1009 2944 1045 2987 se
1068 2924 1203 2989 circinat
1225 2924 1337 2989 orbem

504 3029 681 3094 uerticibus
704 3051 802 3115 super
825 3035 985 3095 astantem
1009 3030 1215 3117 mediumque
1238 3037 1402 3096 secantem

450 3137 628 3200 monaulum
653 3143 685 3201 et
708 3137 813 3202 diuiso
837 3138 1020 3222 signantem
1045 3138 1185 3203 culmine
1205 3139 1361 3203 mundum

450 3267 489 3308 666
504 3266 642 3329 cumque
666 3245 737 3310 loeo
761 3251 867 3310 terrae
891 3244 1083 3331 caelumque
1107 3253 1139 3311 et
1162 3254 1308 3333 tempora
1331 3249 1445 3325 mutat,

450 3352 633 3436 anquando
658 3352 729 3417 aliis
753 3352 840 3416 aliud
866 3352 1008 3417 medium
1033 3359 1096 3434 est3
1121 3354 1209 3418 uolat
1233 3353 1312 3417 hora
1336 3372 1394 3438 per
1418 3352 1537 3417 orbem.

449 3482 489 3524 666
503 3465 600 3544 atque
624 3459 679 3523 ubi
702 3480 736 3523 se
760 3461 872 3546 primis
898 3461 1022 3526 extollit
1047 3460 1197 3526 Phoebus
1221 3461 1262 3525 ab
1286 3461 1388 3539 undis,

502 3566 565 3631 illis
589 3573 680 3631 sexta
703 3571 825 3650 manet,
851 3589 931 3654 quos
955 3575 1023 3633 tum
1048 3570 1164 3653 premit
1189 3591 1307 3635 aureue
1330 3568 1426 3633 orbis.

450 3695 615 3738 aurursus
639 3673 680 3737 ad
704 3674 870 3760 hesperios
894 3682 983 3740 sexta
1006 3682 1065 3756 eet,
1090 3678 1145 3741 nbi
1168 3678 1254 3741 cedit
1276 3678 1309 3742 in
1332 3676 1479 3753 umbram

505 3801 563 3844 nos
586 3782 722 3866 primam
748 3803 786 3845 ac
809 3803 969 3846 summam
993 3789 1117 3847 sextam
1141 3805 1349 3848 numeramus
1371 3788 1542 3866 utramque
1573 3806 1575 3812 ⁴

504 3891 539 3951 et
561 3888 704 3972 gelidum
727 3893 872 3953 extremo
896 3890 1006 3953 lumen
1029 3892 1186 3955 sentimus
1209 3891 1250 3954 ab
1274 3890 1350 3974 igni.

505 3995 637 4059 alterius
659 3996 741 4061 fines
763 3996 791 4060 si
815 3996 864 4060 uis
888 4016 1082 4080 cognoscere
1106 3998 1186 4083 gyri,

451 4309 502 4362 era
516 4270 651 4376 {tillim
671 4337 703 4345 -
728 4309 776 4362 661
797 4308 904 4364 ramata
921 4323 949 4363 m
969 4338 1002 4346 -
1022 4311 1074 4364 666
1092 4309 1203 4379 stringit
1216 4309 1245 4378 6.
1264 4325 1295 4364 m
1318 4337 1350 4346 -
1376 4310 1428 4365 666
1447 4324 1545 4363 canam
1565 4322 1594 4361 m
1619 4333 1651 4343 -

344 4407 396 4461 635
409 4405 520 4462 ditimttc
533 4423 562 4463 m
575 4436 608 4444 -
620 4409 671 4461 627
683 4423 845 4476 6666666666
856 4408 943 4475 spirae
955 4423 984 4463 m
995 4437 1027 4445 -
1040 4410 1092 4464 623
1102 4410 1231 4478 praeterit
1240 4423 1268 4463 m
1278 4407 1424 4476 porterito
1438 4406 1448 4472 (
1450 4405 1566 4475 protem
1573 4403 1604 4474 p)
1618 4433 1650 4441 -

344 4506 398 4559 630
415 4506 480 4559 inde
498 4520 526 4559 m
550 4538 585 4547 -
609 4506 677 4560 aule
696 4506 745 4560 631
767 4506 799 4560 dc
816 4504 1006 4561 ambitomnte
1022 4509 1050 4560 ct
1066 4506 1198 4562 horizonte
1217 4506 1252 4575 gl
1276 4536 1309 4544 -
1334 4508 1382 4560 631
1404 4505 1480 4561 loco
1498 4507 1650 4559 aeternam

342 4603 466 4658 66666666
490 4603 603 4670 (aedem
629 4602 782 4670 L)-63·2
805 4604 1082 4659 inmotum-637
1102 4606 1191 4660 Hico
1214 4608 1336 4659 mactato
1358 4592 1651 4659 666660εῶ661-

345 4703 397 4757 638
417 4700 492 4770 parit
509 4716 539 4756 m
561 4730 594 4739 -
617 4703 669 4756 640
689 4701 820 4756 cadminot
836 4716 865 4757 m
888 4731 921 4741 -·
944 4702 994 4756 641
1018 4716 1136 4757 uersum
1158 4701 1275 4757 uncinis
1297 4701 1424 4757 includit
1447 4716 1475 4755 m
1498 4730 1527 4738 -
1555 4703 1606 4755 643
1627 4703 1654 4755 et

345 4812 391 4853 om
405 4814 434 4854 m
445 4829 478 4838 -
493 4801 545 4854 643
557 4798 680 4854 abundus
693 4814 720 4853 m
734 4832 769 4840 -
787 4801 839 4855 644
853 4802 943 4855 amen
955 4799 1057 4869 premit
1069 4814 1097 4854 m
1116 4832 1148 4840 -
1167 4802 1218 4853 646
1232 4804 1365 4868 61666666
1378 4815 1398 4868 g
1414 4806 1467 4868 etp.
1482 4814 1498 4854 6
1516 4797 1651 4867 66666661

344 4891 456 4966 culpae
473 4913 501 4952 m
525 4896 575 4951 hic
596 4896 703 4965 repetit
719 4910 837 4954 uersum
856 4900 906 4954 641
927 4913 956 4953 m
980 4896 1025 4964 (L)
1047 4904 1196 4953 extrenum
1217 4913 1248 4953 m
1274 4897 1330 4967 6664
1348 4912 1377 4956 1n
1406 4926 1438 4934 -
1463 4896 1515 4951 646
1537 4912 1598 4951 euos
1621 4910 1650 4950 m

342 4994 410 5069 pri-is
421 4994 487 5052 lmc
502 4997 561 5067 ptri
575 5010 602 5070 g.
