4134 5834
919 604 1005 661 Liber
1021 603 1056 660 V.
1092 605 1206 663 ffi-dd

525 846 553 891 ss
566 822 738 908 delphinus
761 829 898 906 certans,
922 828 954 887 et
975 822 1123 908 Iuppiter
1144 822 1220 887 alite
1244 827 1356 903 tectus

567 936 738 1016 ceteraque
761 932 793 995 in
818 936 884 996 toto
907 930 1028 1016 passim
1051 929 1194 995 labentia
1217 930 1316 995 caelo.

567 1060 650 1124 quae
674 1037 752 1102 mihi
775 1060 833 1124 per
856 1038 1003 1123 proprias
1027 1038 1113 1101 uires
1136 1043 1212 1102 sunt
1235 1043 1351 1102 cuncta
1373 1036 1529 1110 canenda,

567 1145 645 1231 quid
667 1146 798 1211 ualeant
820 1152 903 1228 ortu,
928 1145 1005 1231 quid
1028 1166 1102 1211 cum
1126 1151 1316 1230 merguntur
1339 1146 1372 1209 in
1396 1145 1508 1224 undas,

567 1259 599 1317 et
622 1259 721 1339 quota
743 1253 783 1318 de
807 1253 855 1318 bis
880 1274 936 1318 sex
960 1253 1054 1317 astris
1077 1274 1152 1339 pars
1176 1274 1324 1339 quaeque
1346 1252 1489 1317 reducat.

526 1383 553 1424 so
567 1356 627 1423 has
650 1356 755 1423 stellis
773 1356 933 1441 proprias
956 1356 1048 1423 uires
1072 1362 1102 1422 ct
1125 1361 1274 1440 tempora
1296 1377 1411 1421 rerum

560 1464 732 1532 constituit
754 1464 868 1550 magni
891 1465 1059 1548 quondam
1080 1463 1262 1547 fabricator
1286 1462 1429 1550 Olympi.

621 1577 672 1640 uir
694 1575 803 1662 gregis
826 1581 859 1640 et
880 1576 971 1663 ponti
993 1576 1106 1657 uictor,
1131 1576 1183 1639 cui
1205 1582 1297 1661 parte
1320 1574 1433 1640 relicta

567 1704 685 1748 nomeu
709 1705 854 1769 onusque
877 1683 976 1766 dedit,
998 1704 1059 1748 nec
1081 1682 1165 1768 pelle
1188 1683 1330 1747 inmunis
1353 1683 1395 1747 ab
1418 1682 1499 1767 ipsa,

568 1788 730 1855 Colchidis
754 1797 786 1855 et
808 1791 953 1876 magicas
976 1796 1063 1856 artes
1086 1791 1141 1876 qui
1165 1797 1291 1856 uertere
1314 1788 1425 1855 Iolcon

527 1920 555 1963 ss
568 1897 716 1962 Medeam
739 1896 833 1962 iussit
855 1899 1021 1984 mouitque
1045 1918 1172 1963 uenena
1194 1919 1253 1983 per
1275 1897 1402 1977 orbem3

569 2025 654 2069 nuuc
679 2025 807 2091 quoque
830 2004 971 2070 uicinam
995 2005 1140 2092 puppim,
1164 2026 1223 2069 ceu
1247 2004 1389 2090 mulget,
1413 2025 1492 2090 argo

569 2133 589 2175 a
612 2112 716 2177 dextri
738 2112 848 2177 lateris
872 2112 982 2177 ductet
1004 2113 1136 2198 regione
1159 2134 1218 2198 per
1241 2118 1337 2177 astra.

569 2218 626 2283 sed
649 2241 722 2284 cum
746 2220 851 2304 prime
874 2241 948 2285 suos
971 2219 1090 2306 puppis
1113 2221 1333 2306 consurgitis
1358 2219 1460 2305 ignes,

459 2325 461 2332 '
569 2332 722 2411 quattuor
745 2328 778 2391 in
802 2333 910 2413 partes
933 2349 1006 2392 cnm
1031 2326 1180 2413 corniger
1203 2328 1317 2392 extulit
1339 2348 1405 2405 ora,

528 2455 556 2498 co
570 2433 625 2498 illa
648 2434 793 2520 quisquis
817 2435 878 2499 erit
901 2436 995 2500 terris
1019 2435 1142 2501 oriente
1166 2441 1303 2516 creatus,

569 2547 676 2607 rector
698 2542 760 2608 erit
781 2543 897 2629 puppis
921 2543 1079 2628 clauoque
1102 2542 1265 2608 inmobilis
1287 2542 1424 2608 haerens

571 2649 708 2714 mutabit
729 2650 845 2735 pelago
868 2656 971 2716 terras
995 2650 1166 2736 uentisque
1189 2656 1343 2736 sequetur

570 2755 733 2822 fortunam
758 2762 924 2843 totumque
948 2758 1037 2823 uolet
1059 2762 1228 2822 transuere
1251 2756 1447 2842 profundum

571 2864 727 2929 elassibus
750 2871 847 2950 atque
871 2865 951 2929 alios
974 2864 1101 2951 Minyas
1124 2863 1288 2950 aliumque
1312 2863 1422 2927 uidere

530 2969 692 3035 rsPhasin
716 2979 749 3035 et
771 2972 804 3036 in
828 2984 938 3037 cautes
961 2970 1091 3057 Tiphyn
1115 2992 1269 3057 superare
1294 2976 1494 3036 trementem.

570 3077 646 3142 tolle
669 3079 747 3143 istos
770 3085 859 3144 ortus
882 3080 1051 3144 homiuum
1074 3080 1134 3144 sub
1158 3079 1263 3144 sidere
1286 3079 1351 3159 tali,

570 3186 737 3250 sustuleris
760 3186 882 3252 bellum
906 3186 1023 3252 Troiae
1048 3187 1248 3272 classemque
1271 3188 1409 3251 solutam

572 3293 730 3377 sanguine
755 3300 787 3358 st
809 3295 978 3379 appulsam
1002 3295 1114 3374 terris3
1139 3316 1202 3359 non
1226 3295 1359 3359 inuehet
1382 3293 1476 3359 undis

572 3399 707 3465 Persida
730 3421 789 3465 nec
813 3401 947 3486 pelagus
970 3402 1097 3466 Xerxes
1120 3401 1281 3486 facietque
1305 3407 1466 3489 tegetque,

531 3530 559 3572 eo
573 3528 679 3572 mersa
703 3508 870 3594 Syracusis
894 3509 1033 3574 Salamis
1058 3531 1121 3575 non
1145 3516 1271 3595 merget
1294 3510 1449 3591 Athenas,

573 3602 698 3679 Pudice
721 3636 781 3680 uec
805 3622 871 3681 toto
894 3616 1068 3681 fluitabunt
1091 3638 1231 3703 aequore
1254 3623 1374 3705 rostra,-

571 3720 763 3787 Actiscosue
787 3723 876 3788 sinus
900 3723 985 3788 iuter
1006 3746 1181 3811 suspensus
1205 3724 1367 3811 utrimque

519 3917 910 3988 namnmlgrpprerm
935 3922 1028 3975 -eo
1053 3920 1288 3990 etquoadelgo
1315 3881 1724 3990 cemmeticensium

410 4031 493 4086 poro
521 4018 683 4087 quaquelm
711 4033 864 4087 poeaqrwg
893 4046 924 4055 -
954 4018 1180 4073 mareotico
1209 4017 1662 4087 wicterpontigpontr‘uictoru
1691 4046 1724 4054 -

414 4114 1255 4184 satomgtnmunom-acctotcittolgoetctuaum
1279 4108 1391 4170 ueittcl
1414 4119 1572 4184 uerteregc
1594 4118 1723 4171 comem

413 4212 606 4267 diothm-
574 4211 1027 4292 -ffioetinouipctoarcom—
1041 4212 1350 4281 araedgducato-
1364 4211 1722 4282 38tpneslcipnisgm-

414 4310 1261 4381 asportomparmotoraplhoramterascoag-
1281 4293 1725 4379 tortolcmttlpgpteqffll

414 4436 489 4505 quim
492 4436 574 4490 '‘erit
563 4453 595 4491 m
608 4451 627 4505 g
645 4437 765 4506 cumputo
775 4439 830 4491 crit
841 4451 938 4492 crn-
951 4438 984 4490 41
1002 4383 1119 4490 Picloel
1136 4426 1249 4505 puppim
1262 4434 1272 4489 l
1287 4437 1376 4505 pappi
1389 4450 1415 4490 m
1436 4433 1568 4490 inmobilia
1580 4450 1609 4489 m
1628 4425 1726 4489 teritl

414 4534 573 4588 tuaetc-
584 4536 619 4589 42
631 4534 803 4589 mutauitlm
815 4535 945 4602 raentnsp.
957 4548 1033 4588 m—
1001 4535 1082 4588 —43
1094 4533 1210 4603 nitcmq
1222 4549 1249 4588 m
1268 4536 1346 4588 trans
1357 4548 1460 4602 crareg
1479 4536 1622 4588 damnare
1633 4531 1676 4587 lm
1691 4558 1724 4570 -

415 4635 451 4687 44
462 4646 592 4687 montoso
605 4662 639 4669 -
652 4634 687 4687 45
702 4630 843 4700 tlriptuml
862 4631 965 4700 tiplrum
978 4646 1029 4687 mc
1048 4632 1125 4702 typht
1137 4647 1157 4700 g
1176 4632 1316 4699 ceremtg
1334 4659 1366 4668 -
1384 4632 1419 4686 46
1427 4633 1525 4698 porco
1537 4630 1569 4685 lc
1583 4636 1684 4699 portur
1696 4645 1723 4684 ru

414 4733 490 4784 oreo
508 4745 526 4798 g
552 4760 583 4767 -
607 4733 641 4786 rr
665 4728 821 4785 mosam
837 4728 882 4784 ιω
909 4720 1026 4785 metm
1043 4729 1054 4784 1
1080 4729 1195 4784 eruam
1210 4744 1239 4783 m
1258 4757 1291 4765 -
1311 4729 1345 4783 ce
1363 4705 1506 4797 atpium
1521 4727 1531 4781 1
1557 4727 1620 4796 asp.
1636 4742 1665 4782 m
1680 4727 1725 4794 (n)

415 4828 687 4885 nomimtecndism
708 4858 740 4866 -
760 4827 1013 4895 reparatorem
1034 4826 1191 4895 Syderagc
1211 4824 1368 4895 Xerccnlg
1388 4824 1518 4880 Xmesc
1537 4823 1725 4881 Xer-reatem

414 4926 579 5001 soctetquco
599 4956 631 4965 —
651 4930 686 4984 50
704 4926 840 4995 uerolgc
866 4925 931 4981 Vtra
944 4940 971 4981 m
990 4917 1121 4994 damis}
1138 4924 1277 4995 mlomieg
1297 4953 1329 4962 —
1349 4924 1384 4979 52
1402 4925 1536 4993 opemque
1548 4937 1585 4978 m.
