4134 5834
874 607 960 664 hiber
979 607 1012 663 Il.
1050 610 1201 667 830-860.

486 850 527 893 cao
542 848 601 890 neo
624 826 710 910 capit
733 833 914 904 externum,
936 827 1067 912 proprio
1092 828 1168 912 quia
1191 827 1321 892 uomina
1345 827 1474 912 gaudet,
1501 863 1540 874 -

541 956 626 998 nunc
650 940 738 998 tenet
759 935 930 999 arbitrium
953 935 1051 1017 uitae,
1074 956 1160 999 nunc
1183 935 1297 1020 regula
1319 957 1446 1000 morum
1470 943 1519 1002 est

540 1042 768 1126 fortunamque
792 1042 882 1107 dabit
904 1043 1001 1107 rebus
1024 1042 1185 1128 ducetque
1207 1064 1266 1127 per
1290 1050 1386 1123 artes,

539 1150 712 1235 qualiaque
735 1150 899 1235 excipiant
920 1151 1084 1215 nascentis
1108 1157 1254 1235 tempora
1276 1151 1391 1236 prima,

540 1279 620 1342 quos
644 1256 774 1342 capiant
797 1259 912 1338 cultus,
937 1257 1024 1343 quali
1049 1258 1114 1322 sint
1136 1258 1213 1322 sede
1237 1259 1345 1339 creati,

485 1390 525 1433 aas
540 1372 714 1450 utcumque
738 1366 889 1429 admixtis
913 1365 1117 1431 subscribent
1139 1366 1264 1431 uiribus
1287 1373 1383 1431 astra.

539 1473 671 1537 ultimus
695 1494 827 1538 emenso
851 1474 905 1559 qui
931 1473 1041 1538 condit
1063 1473 1170 1537 sidera
1193 1474 1314 1539 mundo

538 1602 754 1666 occasumque
778 1588 892 1645 tenens
916 1581 1119 1646 submersum
1143 1580 1278 1666 despicit
1302 1582 1423 1663 orbem,

537 1690 677 1773 pertinet
700 1687 742 1752 ad
765 1709 873 1753 rerum
898 1709 1042 1753 summas
1065 1688 1228 1773 finemque
1251 1688 1409 1766 laborum,

538 1796 689 1881 coniugia
713 1802 810 1880 atque
833 1796 945 1882 epulas
968 1801 1177 1881 extremaque
1201 1801 1347 1881 tempora
1370 1796 1457 1860 uitae

484 1927 524 1969 ato
538 1904 668 1988 otiaque
692 1910 725 1968 et
748 1910 858 1968 coetus
880 1904 1049 1969 hominum
1073 1903 1242 1988 cultusque
1266 1904 1409 1967 deorum.

592 2032 652 2075 nec
676 2018 845 2077 contentus
869 2012 932 2075 eris
955 2017 1108 2096 percepto
1133 2011 1264 2075 cardine
1288 2032 1469 2097 quoquam3

538 2119 709 2183 interualla
733 2120 831 2183 etiam
853 2120 991 2183 memori
1013 2126 1089 2182 sunt
1112 2124 1220 2182 mente
1244 2118 1387 2183 notanda

537 2248 597 2311 per
620 2226 724 2291 maius
747 2227 896 2290 dimensa
919 2247 994 2290 suas
1017 2226 1187 2291 reddentia
1211 2226 1306 2291 uires.

538 2334 691 2420 quicquid
715 2335 756 2398 ab
779 2339 893 2399 exortu
916 2354 1080 2399 summum
1104 2339 1258 2399 curuatur
1279 2333 1312 2398 in
1337 2334 1459 2416 orbem,

483 2465 523 2509 su
537 2442 653 2507 aetatis
675 2442 799 2527 primae
823 2442 1050 2526 nascentisque
1073 2442 1189 2506 asserit
1211 2462 1321 2505 annos.

538 2549 625 2634 quod
648 2571 774 2614 summo
798 2551 957 2635 premitur
979 2549 1139 2613 deuexum
1164 2548 1306 2613 culmine
1329 2551 1453 2628 muudi,

537 2657 641 2721 donec
665 2658 705 2722 ad
730 2679 880 2722 occasum
905 2658 1025 2738 ueniat,
1050 2656 1228 2742 puerilibus
1252 2658 1345 2721 annis

537 2764 681 2830 succedit
703 2771 913 2850 teneramque
935 2765 1019 2850 regit
1042 2764 1102 2829 sub
1125 2763 1202 2828 sede
1224 2765 1401 2829 iuuentam.

537 2894 621 2958 quae
644 2894 719 2956 pars
743 2893 877 2938 occasus
899 2872 1050 2958 infraque
1073 2873 1240 2956 imumque
1264 2873 1323 2937 sub
1347 2873 1457 2937 orbem

483 3002 523 3047 aso
537 2980 714 3061 descendit,
738 2980 822 3065 regit
844 2980 925 3044 haec
947 2985 1095 3044 maturae
1119 2986 1266 3064 tempora
1288 2980 1376 3043 uitae

537 3093 570 3151 et
592 3087 723 3173 propria
746 3088 829 3152 serie
852 3087 1010 3172 uarioque
1034 3088 1176 3151 exercita
1198 3108 1303 3152 eursu.

537 3202 570 3259 at
593 3216 658 3279 qua
681 3195 847 3280 perficitur
869 3216 983 3260 cursus
1006 3194 1162 3258 redeunte
1185 3195 1245 3258 sub
1268 3195 1345 3275 imo,

537 3304 630 3367 tarda
653 3303 838 3387 supinatum
862 3303 990 3366 lassatis
1014 3302 1138 3367 uiribus
1161 3322 1272 3366 arcum

537 3410 715 3474 ascendens
739 3430 828 3473 seros
852 3409 982 3473 demum
1007 3409 1231 3493 complectitur
1253 3430 1355 3474 annos

482 3541 522 3583 aaa
535 3516 765 3602 labentemque
788 3516 875 3581 diem
898 3517 985 3579 uitae
1009 3516 1246 3601 tremulamque
1269 3523 1442 3581 senectam.

589 3644 685 3688 omne
708 3625 840 3710 quidem
862 3624 991 3708 signum
1016 3624 1076 3688 sub
1100 3623 1328 3709 qualicumque
1350 3625 1456 3709 figura

536 3732 683 3817 partibus
705 3732 847 3796 inficitur
870 3731 999 3810 mundi3
1023 3732 1113 3796 locus
1135 3733 1274 3815 imperat
1296 3733 1391 3796 astris

537 3846 570 3904 et
593 3839 684 3906 dotes
708 3860 890 3925 noxamque
914 3839 1007 3919 facit3
1031 3845 1203 3904 uertuntur
1225 3840 1259 3902 iu
1283 3840 1394 3904 orbem

537 3948 664 4031 singula
687 3954 719 4012 et
743 3947 906 4032 accipiunt
929 3948 1016 4011 uires
1040 3947 1195 4032 caeloque
1217 3947 1393 4011 remittunt.

483 4077 524 4119 sao
538 4055 639 4118 uincit
661 4057 748 4119 enim
770 4062 889 4121 natura
912 4076 1014 4140 genus
1038 4055 1190 4139 legesque
1214 4055 1374 4119 ministrat

484 4332 538 4387 880
564 4323 663 4401 atttg
690 4332 913 4401 catomumlgc
941 4335 1084 4386 commum
1103 4345 1133 4384 m
1159 4312 1243 4411 publ
1271 4348 1324 4399 quo
1342 4346 1382 4400 gc
1409 4332 1473 4400 qaia
1492 4348 1520 4386 m
1548 4298 1690 4387 ‚iiiiiiiel

377 4439 489 4494 sambae
506 4456 527 4490 ω
557 4469 589 4477 -
618 4441 667 4494 831
697 4438 815 4494 Hunco
843 4439 920 4494 bico
950 4467 982 4475 -
1012 4440 1063 4493 839
1091 4406 1283 4508 conisibbidldll
1310 4438 1493 4506 ooniupiotque
1514 4443 1594 4507 atque
1617 4456 1639 4493 c.
1660 4454 1688 4494 m

377 4535 539 4605 conismos'tq
557 4553 597 4605 gc
623 4567 654 4574 -
678 4540 731 4592 840
753 4554 852 4605 ortoque
871 4552 900 4591 m
924 4539 992 4591 ante
1010 4539 1060 4590 841
1085 4536 1182 4590 dtuiaio
1203 4537 1300 4591 aetatis
1320 4536 1351 4591 in
1378 4539 1468 4604 portes
1490 4538 1555 4591 coeli
1571 4552 1625 4605 gm
1655 4567 1688 4576 η-

379 4633 572 4702 84le
588 4637 685 4690 -843
704 4622 865 4703 quicquddl
881 4634 1102 4690 -84lueatotie
1119 4651 1137 4702 g
1155 4635 1288 4702 asseritg
1310 4664 1340 4670 -
1360 4637 1410 4688 849
1430 4634 1640 4704 intestinamque
1656 4636 1690 4691 lo

378 4731 603 4801 immissamque
620 4749 648 4787 m
676 4733 832 4787 bammum
856 4749 973 4803 qucnig
1001 4762 1031 4769 -
1057 4735 1109 4787 850
1129 4732 1330 4800 'intare‘repit
1348 4715 1414 4784 '¹⁰⁰1
1441 4740 1545 4787 amatre
1568 4733 1638 4803 repit
1653 4733 1690 4802 lg

378 4832 504 4885 mamae
526 4830 642 4900 repitm
669 4831 818 4900 reptilium
840 4834 997 4885 nmttircec
1026 4860 1058 4867 -
1088 4832 1140 4886 852
1159 4837 1170 4883 t
1190 4829 1234 4883 lm
1266 4859 1297 4865 —
1326 4831 1379 4884 853
1403 4830 1625 4900 mtbpiaotumg
1655 4861 1688 4870 -

381 4931 433 4983 859
457 4928 590 4997 cardoqoc
605 4945 633 4983 u]
656 4957 687 4965 —
710 4929 764 4983 860
783 4933 887 4984 sobora
907 4945 931 4982 o.
