4134 5834
698 683 699 686 ¹
786 652 871 710 Liber
888 650 937 709 lv,
972 654 1124 711 fild-702.

461 876 572 957 totque
595 871 686 936 illum
710 869 797 936 eirca
820 870 924 936 diuiso
947 870 1078 935 nomine
1101 876 1215 956 gentes

462 978 503 1043 ad
527 976 665 1043 Tanaim
689 978 846 1064 Scythicis
870 977 1076 1042 dirimentem
1099 977 1250 1042 fluctibus
1274 976 1368 1041 orbes

460 1084 661 1172 Maeotisque
684 1085 774 1151 lacus
800 1084 980 1171 Euxinique
1004 1105 1121 1171 aspera
1140 1085 1230 1170 ponti

461 1214 604 1279 aequora
626 1193 668 1258 ad
691 1198 936 1279 extremumque
959 1190 1175 1277 Propontidos
1199 1192 1458 1278 Hellespontum.

407 1321 449 1365 sao
462 1300 546 1365 banc
570 1301 668 1366 Asiae
691 1306 812 1365 metam
834 1300 942 1386 posuit
964 1305 1082 1365 natura
1104 1300 1253 1385 potentis.

462 1407 548 1493 quod
570 1413 717 1493 superest
738 1406 873 1493 Europa
896 1413 993 1487 tenet,
1018 1427 1103 1493 quae
1125 1407 1232 1493 prima
1255 1412 1420 1472 natantem

462 1514 613 1579 fluctibus
636 1515 826 1601 excepitque
847 1514 962 1580 Iouem
985 1521 1179 1600 taurumque
1202 1514 1345 1581 resoluit

458 1639 583 1703 ponere
602 1639 708 1703 passa
729 1639 808 1685 auce
830 1618 920 1703 ipnie
943 1640 1039 1686 msere
1064 1623 1162 1702 atque
1187 1618 1304 1685 kauri.

463 1729 517 1794 ille
539 1728 678 1817 puellari
700 1729 835 1794 donauit
857 1730 987 1794 nomine
1009 1728 1085 1794 litus

411 1857 452 1902 ees
466 1842 499 1901 et
521 1838 721 1903 monimenta
744 1836 795 1902 sui
818 1836 910 1901 titulo
934 1837 1075 1902 sacrauit
1098 1837 1226 1902 amoris.

464 1946 606 2010 maxima
628 1952 716 2011 terra
739 1944 818 2010 uiris
841 1952 874 2010 et
896 1944 1128 2009 fecundissima
1151 1944 1253 2010 doctis

465 2051 613 2117 urbibus:
638 2054 671 2118 in
695 2073 832 2137 regnum
855 2052 1007 2118 florentes
1030 2052 1097 2118 oris
1120 2051 1280 2134 Athenae,

466 2159 584 2245 Sparta
605 2181 715 2241 manu,
739 2159 872 2225 Thebae
896 2159 990 2241 diuis,
1015 2164 1048 2224 et
1070 2180 1148 2245 rege
1171 2160 1224 2225 uel
1248 2181 1312 2225 uno

466 2268 616 2353 princepe
638 2267 731 2333 Pella
754 2268 878 2349 domus,
903 2266 1035 2333 Troiani
1060 2269 1165 2353 gratia
1189 2267 1264 2332 belli

357 2381 361 2394 '
412 2396 453 2441 ceo
467 2373 637 2440 Thessalia
659 2375 839 2463 Epirosque
862 2382 976 2461 potens
999 2376 1172 2462 uicinaque
1196 2375 1275 2461 ripis

466 2480 573 2568 Illyris
596 2489 629 2547 et
651 2481 777 2548 Threce
800 2482 937 2547 Martem
961 2483 1075 2548 sortita
1098 2483 1259 2563 colonum,

467 2590 703 2676 obstupefacta
725 2611 800 2655 suos
823 2590 908 2654 inter
930 2588 1109 2655 Germania
1130 2596 1252 2676 pertus,

468 2695 575 2762 Gallia
597 2718 656 2784 per
679 2719 805 2781 censue,
828 2696 989 2782 Hispania
1011 2699 1154 2763 maxima
1176 2698 1263 2779 belli,

468 2804 562 2869 Italia
584 2806 618 2870 in
642 2827 778 2887 summa,
802 2826 901 2891 quam
923 2826 1033 2871 rerum
1057 2807 1201 2871 maxima
1222 2805 1330 2871 Roma

413 2933 455 2977 ees
468 2912 623 2997 imposuit
645 2914 739 2978 terris
763 2914 917 2999 caeloque
941 2913 1129 3000 adiungitur
1152 2915 1231 3000 ipsa.

467 3019 527 3085 bos
551 3022 613 3086 erit
634 3020 669 3085 in
691 3022 772 3085 fines
795 3020 883 3085 orbis
905 3027 1088 3108 pontusque
1111 3021 1281 3087 notandus.

469 3149 565 3213 quem
590 3128 671 3193 deus
694 3128 727 3192 in
750 3134 860 3214 partes
884 3134 916 3193 et
938 3128 1067 3214 singula
1090 3128 1207 3193 diuidit
1229 3134 1317 3193 astra

470 3255 508 3299 ac
531 3256 590 3300 sua
613 3236 730 3322 cuique
753 3234 843 3300 dedit
865 3236 987 3301 tutelae
1010 3257 1112 3321 regna
1133 3256 1193 3322 per
1216 3235 1327 3301 orbem

470 3348 503 3405 et
524 3343 673 3428 proprias
696 3349 809 3428 gentes
833 3349 930 3428 atque
953 3343 1050 3408 urbes
1074 3342 1199 3409 addidit
1221 3343 1314 3428 altas,

415 3472 457 3514 roo
471 3448 504 3513 in
528 3450 645 3535 quibus
668 3458 851 3515 assererent
873 3452 1067 3537 praestantis
1091 3451 1198 3537 sidera
1220 3452 1316 3517 uires.

472 3577 509 3621 ac
533 3557 624 3622 uelut
644 3557 789 3623 bumana
811 3563 861 3623 est
883 3558 984 3644 signis
1008 3558 1162 3645 discripta
1185 3558 1301 3645 figura,

471 3670 517 3745 ut,
541 3686 739 3752 quamquam
763 3665 943 3730 communis
967 3672 1020 3730 eat
1043 3666 1145 3731 tutela
1167 3686 1225 3752 per
1248 3686 1344 3731 omne

419 3859 472 3916 ere
493 3859 641 3915 aramme
660 3859 749 3914 orceo
761 3874 783 3910 e
796 3891 831 3901 -
844 3862 895 3916 en
909 3837 958 3916 alr
975 3864 1044 3915 aem
1061 3874 1142 3935 aege
1160 3857 1289 3927 aarum
1307 3863 1465 3927 sarcago
1482 3861 1628 3913 oseam

312 3955 437 4012 osteor
454 3958 562 4012 mma
575 3972 616 4025 gc
633 3957 768 4027 superea
782 3972 811 4012 m
829 3957 941 4026 arsag
958 3959 1033 4013 orae
1046 3974 1067 4009 ω
1082 3986 1114 3997 -
1132 3960 1186 4015 cce
1202 3958 1348 4026 macae
1364 3969 1485 4013 caeam
1503 3938 1602 4012 aetas
1617 3955 1628 4010 1

313 4082 413 4137 mori
421 4096 451 4137 m
465 4110 498 4119 —
512 4083 565 4138 669
575 4086 600 4137 et
609 4086 761 4137 alremam
773 4083 992 4151 Proprootidcso
1006 4115 1041 4123 -
1053 4085 1106 4139 660
1119 4083 1189 4139 lione
1198 4081 1273 4137 oml
1286 4081 1329 4149 (iu
1340 4094 1431 4150 marg.
1439 4026 1519 4147 liaidd)
1533 4094 1590 4135 om.
1599 4095 1628 4136 m

313 4180 506 4248 honestius
525 4208 558 4217 -
576 4179 949 4257 681q2q1gch—682
968 4180 1628 4251 mepitlouemg—dlldpondcreopaerco

313 4276 510 4349 suoes'qnilgc
536 4277 737 4347 onesiqaclgc
765 4281 912 4336 iuuauito
938 4281 1089 4349 awnpmo
1107 4280 1262 4349 ueriqssem
1287 4307 1319 4316 -
1343 4276 1492 4334 6845!ch
1516 4278 1629 4333 litum

276 4421 278 4426 ,
316 4378 442 4432 lactasse>
469 4404 505 4413 -
532 4377 585 4432 685
613 4378 814 4446 monimmtcg
841 4360 1045 4433 moadmentcl
1072 4382 1247 4433 mencenenta
1264 4391 1294 4432 m
1321 4357 1543 4432 sucl⁰⁰titalol
1573 4376 1630 4431 ssi·

316 4474 435 4529 titclcm
453 4474 620 4529 aetate
638 4505 671 4513 —
689 4476 741 4532 667
760 4476 908 4531 abbam
928 4504 960 4513 -
978 4476 1032 4531 688
1049 4475 1166 4531 thebaeo
1184 4474 1303 4531 diuisttl
1321 4475 1461 4530 dicabam
1480 4474 1629 4541 diuisitgc

315 4605 350 4613 -
374 4573 428 4628 689
455 4572 541 4627 illuc
572 4572 746 4629 Troianilm
773 4575 890 4630 Traiani
906 4589 948 4643 gc
971 4574 1098 4643 prociac
1122 4588 1208 4644 qreg
1235 4607 1271 4614 -
1297 4574 1349 4629 691
1377 4564 1481 4630 brenel
1507 4571 1584 4627 breue
1601 4584 1629 4625 m

317 4670 408 4725 thrace
425 4684 466 4739 gc
496 4698 528 4706 -
557 4671 610 4725 693
628 4688 680 4741 pre
701 4671 819 4727 cml
843 4673 940 4727 tellio
965 4700 998 4709 —
1017 4673 1071 4727 694
1093 4670 1267 4727 Itolicmlm
1286 4671 1409 4727 Italiam
1433 4671 1464 4726 in
1481 4668 1631 4728 summale

316 4769 535 4837 inarmmagm
553 4796 586 4805 -
603 4769 656 4824 696
673 4771 838 4839 inposuitm
857 4799 890 4807 -
907 4772 960 4826 696
977 4767 1104 4825 ioelmc
1122 4768 1636 4837 hoscorr.exhooguocandaco-'

317 4862 674 4935 &dictamum-698
693 4860 1123 4937 tutelam—lwcllsererentl
1139 4868 1238 4923 adem
1257 4869 1627 4936 aramme-stomac-

318 4965 370 5020 701
389 4963 501 5034 aanor
520 4966 684 5034 comptae
704 4994 737 5003 -
756 4967 809 5023 roe
827 4971 853 5022 a
871 4965 980 5022 sacal
999 4970 1025 5021 a
1044 4970 1137 5022 taam
1156 4970 1249 5036 παις
1268 4968 1348 5021 saec.

375 5090 484 5130 Manilius.
505 5092 521 5129 l.
1528 5073 1546 5129 8
