4134 5834
860 648 946 706 Liber
965 649 986 706 l.
1024 654 1138 706 59-91.

502 873 655 951 percepta
680 866 710 929 in
735 866 882 951 proprias
906 866 1010 943 sedes,
1034 872 1067 929 et
1090 866 1215 929 reddita
1238 867 1334 930 certis

463 999 489 1038 ao
504 973 643 1038 fatorum
667 973 834 1038 ordinibus
858 995 916 1037 sua
941 974 1057 1057 cuique
1080 974 1225 1057 potentia
1248 973 1382 1053 formae,

504 1104 561 1168 per
584 1081 692 1146 uarios
716 1104 792 1146 usus
816 1090 917 1145 artem
942 1079 1142 1166 experientia
1167 1081 1243 1144 feeit

503 1189 650 1274 exemplo
675 1194 875 1253 monstrante
898 1189 986 1252 uiam
1009 1189 1240 1273 speculataque
1263 1191 1359 1274 longe

504 1296 673 1382 deprendit
695 1296 802 1360 tacitis
825 1296 1026 1360 dominantia
1049 1295 1175 1379 legibus
1199 1304 1286 1360 astra

504 1411 536 1467 et
558 1410 661 1468 totum
685 1410 818 1467 aeterna
841 1404 999 1467 mundum
1023 1404 1148 1467 ratione
1172 1405 1297 1467 moueri

463 1536 489 1576 aa
503 1512 710 1596 latorumque
735 1512 821 1576 uices
845 1512 941 1576 certis
965 1512 1149 1575 disoernere
1173 1514 1283 1596 signis.

504 1641 579 1684 nam
604 1619 693 1684 rudis
717 1627 792 1684 anta
816 1619 887 1683 illos
911 1620 999 1683 nullo
1024 1620 1209 1684 discrimine
1234 1620 1302 1683 uita

503 1727 700 1812 inspeciem
725 1748 882 1791 conuersa
906 1748 1040 1813 operum
1065 1728 1190 1791 ratione
1214 1726 1345 1791 carebat

504 1842 536 1898 et
559 1834 739 1920 stupefacta
763 1856 847 1899 nouo
871 1833 1034 1920 pendebat
1058 1834 1180 1898 lumino
1203 1834 1326 1913 mnndi,

504 1950 573 2005 tum
598 1941 687 2006 uelut
710 1942 828 2006 amisso
854 1963 1013 2020 maerens,
1038 1947 1106 2005 tum
1131 1941 1216 2005 laeta
1240 1948 1352 2005 renato

463 2073 490 2114 τυ
504 2049 620 2129 sidere,
643 2070 703 2113 neo
727 2050 878 2113 uariosne
902 2049 970 2113 dies
994 2048 1160 2113 ineertaue
1184 2050 1287 2113 noctis

504 2164 661 2242 tempora,
686 2178 744 2221 neo
769 2156 883 2221 similis
907 2157 1038 2220 umbras
1062 2156 1126 2220 iam
1151 2156 1218 2219 sole
1242 2178 1399 2241 regresso,

505 2266 569 2329 iam
592 2264 742 2350 propiore
767 2264 833 2328 suis
856 2270 1007 2349 poterant
1029 2263 1214 2350 discernere
1238 2264 1353 2328 causis.

505 2372 643 2436 nendum
667 2373 764 2435 etiam
788 2372 900 2436 doctas
924 2372 1067 2436 sollertia
1091 2372 1213 2435 fecerat
1236 2379 1331 2451 artes,

505 2487 654 2564 terraque
678 2480 738 2543 sub
762 2479 897 2544 rudibus
921 2480 1069 2544 cessabat
1092 2486 1184 2543 uasta
1209 2479 1344 2556 colonis3

464 2611 490 2651 rs
506 2594 638 2672 tumque
662 2588 694 2651 in
719 2586 855 2651 desertis
878 2587 1047 2651 habitabat
1070 2586 1232 2650 montibus
1256 2608 1382 2666 aurum,

505 2695 699 2780 ignotusque
723 2716 825 2758 nouos
849 2704 966 2778 pontus
991 2694 1189 2758 subduxerat
1212 2696 1321 2772 orbas3

506 2823 566 2865 neo
589 2802 688 2864 uitam
713 2801 828 2885 pelago
853 2823 913 2865 neo
938 2802 1043 2865 uentis
1066 2802 1200 2865 eredere
1224 2811 1300 2866 uota

506 2907 686 2985 audebant3
709 2928 744 2971 se
767 2908 903 2991 quisque
927 2909 1005 2972 satis
1030 2909 1159 2971 nouisse
1183 2908 1349 2993 putabant.

507 3015 562 3079 sed
588 3035 661 3079 oum
685 3014 783 3099 longa
806 3015 875 3078 dies
899 3015 987 3078 acuit
1011 3015 1159 3079 mortalia
1183 3015 1291 3096 corda,

466 3146 493 3184 ao
507 3129 540 3185 et
560 3121 653 3186 labor
677 3123 842 3207 ingenium
868 3123 994 3186 miseris
1017 3121 1116 3201 dedit,
1141 3128 1173 3185 et
1196 3144 1255 3186 sua
1279 3143 1440 3206 quemque

507 3230 685 3315 aduigilare
710 3230 771 3295 sibi
794 3231 888 3294 iussit
911 3231 1041 3295 fortuna
1063 3230 1253 3315 premendo,

507 3337 640 3401 seduota
663 3338 695 3400 in
722 3338 828 3402 uarias
852 3344 1017 3402 certarunt
1039 3344 1172 3422 pectora
1196 3359 1301 3417 ouras,

508 3454 539 3509 et
563 3445 771 3530 quodumque
794 3467 894 3529 sagax
918 3447 1106 3530 temptando
1130 3446 1273 3530 repperit
1296 3467 1383 3526 usus,

507 3555 540 3617 in
565 3574 736 3618 oommnne
759 3554 880 3619 bonum
905 3563 1123 3618 commentum
1148 3554 1232 3618 laeta
1256 3553 1424 3617 dederunt.

467 3684 493 3724 aa
507 3667 584 3725 tuno
608 3668 641 3725 et
664 3662 774 3745 lingua
798 3683 872 3725 suas
897 3662 1022 3747 aceepit
1045 3661 1185 3725 barbara
1209 3662 1307 3745 leges,

507 3775 539 3833 et
561 3769 632 3834 iera
655 3769 793 3834 diuersis
817 3770 958 3834 exercita
982 3769 1130 3854 frugibus
1154 3789 1243 3847 arna,

507 3885 540 3941 et
563 3898 666 3963 uagus
690 3877 722 3941 in
748 3898 881 3942 caecum
905 3877 1089 3962 penetrauit
1111 3877 1223 3941 nauita
1247 3883 1393 3961 pontum,

507 3984 584 4048 ieoit
607 3991 639 4048 et
662 3984 781 4068 ignotis
805 3985 901 4049 itiner
924 3984 1120 4049 commercia
1142 3984 1247 4049 terris.

508 4098 576 4155 turn
600 4091 676 4155 belli
700 4092 853 4177 pacisque
877 4098 962 4155 artes
987 4100 1172 4155 commenta
1193 4098 1353 4166 uetustas3

467 4221 493 4260 eo
507 4219 635 4283 semper
658 4199 743 4263 enim
769 4220 808 4263 ex
832 4198 904 4263 aliis
927 4199 1008 4263 alias
1032 4198 1232 4283 proseminat
1256 4219 1339 4262 usus.

508 4327 549 4370 ne
574 4307 707 4391 uulgata
730 4328 860 4371 canam:
883 4306 1012 4392 linguas
1037 4307 1179 4371 didicere
1204 4304 1383 4379 uolucrum,

455 4583 488 4633 59
495 4586 621 4651 percepto
633 4597 663 4651 u2
675 4596 702 4650 u,
719 4587 863 4652 praecepta
873 4598 894 4632 a
910 4610 941 4618 —
957 4583 990 4636 63
1005 4581 1178 4649 dmelreadit
1189 4596 1207 4635 ιι
1223 4610 1255 4617 -
1270 4584 1303 4636 64
1317 4581 1425 4636 allano
1438 4595 1455 4636 o
1468 4582 1604 4637 mondum
1617 4596 1660 4649 gu
1704 4608 1705 4612 ι

348 4680 446 4733 macardi
460 4695 481 4729 ω
502 4708 537 4715 -
558 4680 591 4733 69
611 4681 750 4735 omission
768 4682 902 4735 rorantiso
921 4708 953 4717 ·-
974 4682 1009 4735 70
1026 4679 1191 4733 εἱιίοήὺιιεο
1215 4681 1389 4748 aeriosqoeo
1413 4681 1570 4748 incertaque
1588 4694 1604 4734 ο
1628 4706 1670 4726 -η

349 4778 380 4830 71
395 4795 443 4832 nec
454 4778 555 4832 similia
568 4791 584 4831 o
602 4807 632 4815 -
652 4779 686 4832 73
699 4779 821 4834 sollertia
835 4794 852 4834 o
869 4808 903 4815 -
922 4781 955 4833 76
969 4780 1129 4848 tprwtusque
1142 4792 1178 4846 ιι,
1191 4792 1225 4847 ul
1240 4780 1418 4846 immotusque
1430 4793 1451 4828 <o
1461 4779 1566 4847 potitus
1579 4793 1613 4847 ιι]
1627 4806 1661 4813 -

350 4875 384 4928 78
395 4893 423 4930 ae
432 4874 492 4943 glu
505 4877 552 4930 sed
564 4875 836 4945 obsqualentem)
853 4906 883 4914 -
899 4879 933 4931 84
946 4867 1115 4931 commentli¹¹¹
1127 4890 1155 4930 m
1169 4877 1241 4931 elato
1253 4892 1278 4931 m
1291 4874 1405 4943 (marg.)
1417 4910 1451 4916 --
1462 4878 1496 4930 88
1510 4878 1595 4930 itiner
1604 4874 1661 4944 lgc

350 4958 444 5027 int‘m
465 5002 496 5010 —
517 4979 552 5029 90
570 4976 629 5029 alia
648 4990 664 5028 o
686 5004 718 5012 —-
738 4980 768 5029 91
792 4994 825 5028 ae
843 4991 862 5042 g
880 4994 927 5028 areo
946 4990 974 5026 ιιι.

1560 5078 1589 5134 lt
