4134 5834
388 567 436 632 VI

387 779 540 844 Barbare
565 818 608 827 -
631 817 672 826 -
694 781 794 858 ecta-ne
812 776 941 859 aliquid
956 740 1120 859 incipiam
1142 776 1277 860 referre,
1302 777 1395 843 mitto
1413 780 1456 843 ad
1471 784 1501 844 te
1521 801 1584 862 per
1603 803 1696 864 pres-

387 887 537 971 byteram
557 885 777 951 Brundinnm
791 884 960 949 Pisanum
978 922 1018 930 -
1038 922 1078 930 -
1096 883 1220 948 Siliam
1235 885 1403 967 Italicum,
1429 886 1528 952 libros
1546 887 1576 950 V.
1595 888 1696 953 Statii

385 993 571 1076 Siluorum,
596 993 675 1057 item
699 992 745 1058 M.
768 990 959 1055 Manilium.
973 990 1252 1057 Astronornicnm.
1293 992 1364 1073 Is*)
1388 993 1446 1075 qni
1468 994 1567 1059 libros
1588 1000 1695 1060 trans·

384 1100 530 1185 scripsit,
560 1099 854 1185 ignorantissimus
888 1098 1036 1163 omniurn
1064 1097 1255 1163 reinentinm
1279 1099 1356 1183 fnit,
1386 1100 1542 1165 clicrinare
1572 1108 1696 1184 oportet

386 1229 452 1273 non
469 1208 583 1290 lepore,
608 1207 718 1288 itaque
741 1227 823 1288 opus
846 1210 894 1271 est
915 1210 953 1270 at
973 1205 1261 1271 transscribantur
1280 1229 1343 1289 per
1366 1207 1530 1272 hominene
1554 1210 1693 1275 doctam.

384 1314 455 1399 Epo
480 1314 544 1398 legi
567 1335 670 1396 'nsque
695 1314 739 1377 ad
762 1312 864 1377 XIII
883 1312 1006 1377 lib-reon
1030 1312 1118 1397 Silii,
1139 1314 1246 1378 nrnlta
1267 1297 1452 1399 ernendani,
1477 1315 1527 1379 ita
1549 1322 1587 1380 at
1610 1323 1694 1380 recte

382 1421 539 1487 scribenti
566 1420 665 1503 facile
692 1420 737 1485 sit
759 1419 886 1485 similes
909 1442 1037 1485 errores
1062 1420 1304 1502 deprehendere
1332 1444 1447 1503 eosque
1472 1423 1633 1505 corripere
1658 1424 1694 1486 in

383 1528 521 1610 reliquls
545 1528 649 1610 libris,
679 1528 790 1609 itaque
819 1529 863 1591 da
887 1549 1021 1609 operam
1048 1532 1086 1591 nt
1114 1529 1410 1609 transcribente,
1436 1535 1553 1611 postca
1579 1531 1693 1595 nrittas

382 1635 458 1701 illos
485 1634 695 1700 Florentiam
724 1636 768 1699 ad
796 1634 983 1699 Nicolaum.
1033 1633 1232 1700 Orationanr
1259 1636 1333 1700 nolo
1362 1636 1414 1716 hic
1444 1638 1616 1718 eac-ruptor
1645 1654 1692 1699 re-

381 1764 516 1807 mancre
541 1782 583 1789 --
609 1781 651 1789 —
676 1781 716 1789 -
756 1744 843 1807 Hinc
866 1744 911 1807 ita
927 1751 1185 1827 argumentatur:
1212 1767 1277 1810 non
1293 1747 1398 1809 uideri
1421 1747 1524 1831 ipsum
1550 1748 1692 1810 codicem

381 1854 414 1916 in
443 1852 570 1916 Italiam
599 1853 737 1929 uenisse,
773 1852 926 1935 quoniam
957 1852 1026 1914 eius
1062 1874 1103 1915 ne
1137 1852 1309 1935 uestigium
1342 1853 1471 1936 quidem
1499 1854 1692 1932 lrabenmus;

381 1960 438 2024 sed
462 1959 622 2044 Poggium
654 1957 864 2023 Constantios
893 1958 1007 2022 fecisse
1031 1960 1241 2044 apographon
1270 1960 1322 2022 uel
1350 1959 1533 2023 faciendum
1562 1983 1692 2024 enrnsse

381 2084 439 2145 per
459 2066 596 2130 scribam
616 2066 832 2145 Helueticum,
857 2067 948 2129 euius
965 2066 1091 2129 litterae
1112 2066 1153 2129 nb
1175 2066 1286 2130 Italico
1308 2068 1493 2130 charactere
1510 2067 1692 2151 discrepant

381 2172 489 2255 (Ellisz
520 2171 584 2237 ‘the
614 2174 939 2257 writiug-somewhat
966 2174 998 2236 iu
1027 2174 1080 2236 the
1109 2172 1226 2237 Gothic
1255 2172 1372 2258 style').
1415 2170 1608 2235 Housman:
1633 2171 1691 2237 'est

381 2281 498 2346 Matris.
524 2281 605 2345 liber
628 2281 833 2366 transumptio
862 2280 948 2343 lacta
975 2302 1034 2365 per
1061 2281 1224 2345 hominem
1258 2279 1408 2344 doctum'.
1462 2280 1524 2343 Sed
1558 2303 1598 2343 ex
1631 2280 1690 2344 hnc
1757 2350 1760 2355 ,

379 2388 526 2473 epistola,
550 2393 762 2473 properanter
777 2394 813 2451 nt
829 2386 870 2451 ab
886 2387 1016 2451 homine
1041 2393 1117 2451 tune
1133 2388 1272 2471 negotiis
1288 2388 1424 2471 publicis
1444 2388 1689 2471 occupatissimo

378 2495 506 2580 scripte,
525 2496 580 2581 qui
595 2496 773 2562 diiudicare
789 2496 900 2580 possit,
923 2501 1030 2557 utrum
1047 2495 1144 2557 etiam
1162 2495 1256 2572 Statii
1273 2500 1304 2557 et
1320 2494 1445 2558 Manilii
1461 2495 1587 2559 codices
1603 2496 1690 2579 ipsos

380 2625 420 2667 en
434 2604 622 2689 apographa
634 2624 747 2693 eorum
760 2603 868 2666 nescio
880 2602 934 2665 ubi
949 2606 983 2665 et
999 2623 1019 2664 a
1031 2602 1148 2685 quibus
1165 2601 1250 2665 facte
1266 2602 1409 2685 Poggius
1426 2602 1466 2665 nd
1481 2601 1688 2665 Franciscum

381 2710 559 2775 Barbarum
585 2710 830 2775 transcribenda
846 2710 979 2788 miserit,
1003 2709 1030 2773 is
1055 2709 1134 2772 mihi
1156 2731 1294 2793 magnus
1318 2710 1380 2773 erit
1402 2709 1529 2793 Apollo.
1576 2709 1689 2795 Neque

296 2874 298 2878 .
379 2839 460 2903 opus
491 2824 540 2882 est
572 2817 786 2882 diuinatioue:
824 2822 935 2880 extant
966 2817 1053 2880 enim
1087 2817 1285 2902 exemplaria
1316 2838 1336 2880 a
1367 2817 1478 2880 codiee
1511 2817 1687 2880 Matritensi

378 2925 533 2989 fidissime
556 2925 731 3010 descripte:
765 2921 797 3005 l)
822 2924 892 2988 cod.
921 2923 1063 2988 Urbinas
1093 2923 1148 2989 Nr.
1173 2926 1236 2988 668
1260 2922 1368 3006 (802),
1394 2922 1429 3005 2)
1454 2925 1523 2991 eod.
1549 2923 1689 2988 Urbinas

378 3031 434 3096 Nr.
452 3034 514 3096 667
533 3031 642 3115 (803),
666 3039 801 3118 uterque
824 3032 858 3096 in
886 3032 1084 3096 bibliotheca
1106 3031 1275 3114 Vaticana,
1303 3032 1419 3095 italicis
1447 3031 1688 3096 characteribus

378 3159 463 3204 saec.
485 3140 549 3203 XV
573 3140 706 3225 pulchre
730 3141 883 3224 scriptus:
908 3140 1026 3223 quibus
1050 3140 1144 3203 tertio
1168 3140 1239 3203 loco
1263 3138 1470 3223 adiungimus
1493 3138 1643 3202 Vossieni
1669 3142 1688 3202 ⁶.)

378 3245 547 3311 Leideusis
570 3246 641 3329 (Nr.
661 3246 741 3328 390)
766 3248 901 3311 alteram
926 3254 1052 3331 partem
1081 3268 1101 3310 a
1128 3267 1224 3310 uersu
1249 3248 1312 3310 692
1335 3245 1411 3310 libri
1435 3247 1567 3310 secundi
1596 3246 1687 3328 (narn

376 3354 465 3439 prior
492 3375 568 3439 pers
595 3356 640 3419 ita
668 3354 828 3419 consentit
855 3375 929 3419 cum
957 3352 1116 3417 Vossiano
1139 3351 1157 3415 I
1182 3388 1223 3396 —-
1249 3350 1340 3418 ‘miro
1367 3355 1509 3438 quodam
1535 3354 1686 3417 modain

376 3460 518 3526 minimis
558 3462 655 3525 etiam
695 3462 820 3534 erretis,
865 3468 900 3525 ut
944 3462 1081 3524 alterum
1122 3462 1162 3524 ab
1202 3461 1303 3525 altero
1346 3462 1542 3546 descriptum
1583 3459 1685 3546 putes'

252 3606 254 3609 ·
376 3567 500 3649 Iacob).
551 3568 659 3632 Huius
684 3588 757 3631 eum
780 3568 899 3632 Matrit.
924 3589 1118 3632 corrsensnm
1147 3567 1322 3631 illustrauit
1349 3566 1430 3632 Ellis
1458 3566 1686 3650 (Hernmthen.

375 3674 396 3740 l.
419 3675 438 3738 Ι.
464 3674 672 3757 265-270):
701 3674 788 3738 idern
815 3698 875 3758 ego
903 3676 944 3739 de
978 3676 1136 3740 Urbinnte
1164 3681 1301 3760 utroque
1331 3676 1463 3761 exposui
1495 3675 1562 3756 (W.
1595 3676 1616 3738 f.
1647 3677 1685 3739 cl.

375 3780 460 3847 Phil.
493 3784 577 3847 1904
614 3781 671 3846 Nr.
702 3780 771 3861 ⁶24).
819 3782 1010 3847 Urbinatem
1044 3784 1108 3846 668
1137 3782 1234 3865 (802)
1267 3783 1375 3847 littera
1412 3806 1458 3869 n„
1496 3782 1686 3847 Urbinatem

377 3892 440 3955 667
462 3888 561 3972 (803)
583 3889 692 3954 littera
723 3910 759 3974 ¹¹2
782 3887 979 3953 Bechertum
1007 3890 1037 3952 d.
1067 3889 1177 3953 Menil.
1205 3889 1276 3954 Em.
1307 3896 1366 3954 rat.
1390 3912 1463 3975 pag.
1491 3893 1528 3955 19
1557 3897 1686 3954 secatus

376 3996 497 4060 notaui.
553 3996 598 4060 Hi
632 4002 784 4081 quattuor
815 3995 890 4059 libri
927 4017 1023 4060 unam
1059 4003 1091 4060 et
1123 4019 1143 4060 a
1174 3998 1290 4061 ceteris
1323 3997 1496 4060 distantem
1528 3997 1685 4060 familiam

376 4103 532 4167 efficiunt.
562 4139 603 4147 —
627 4102 739 4167 Pauca
770 4102 810 4166 de
840 4104 1105 4189 inscriptionibus
1137 4112 1169 4169 et
1199 4104 1489 4189 subscriptionilms
1521 4106 1687 4168 afferenda

375 4215 459 4274 sunt.
508 4209 618 4274 Primo
651 4210 733 4275 libro
766 4211 989 4274 subscribunt:
1033 4210 1077 4273 Μ.
1119 4211 1283 4275 MANILI.
1326 4211 1684 4276 ASTRONOMICON.

375 4315 519 4381 LIBER.
556 4317 731 4381 PRIMUS.
767 4315 987 4380 EXPLICIT.
1028 4317 1204 4382 INCIPIT.
1246 4317 1476 4383 SECUNDUS
1515 4341 1547 4382 nr
1582 4342 1615 4403 n¹
1651 4342 1685 4404 ¹¹2

376 4421 583 4487 EXPLICIT
611 4422 745 4487 LIBER
773 4423 939 4488 PRIMUS
970 4424 1136 4490 INCIPIT
1172 4425 1279 4490 SCDS
1310 4449 1340 4509 g,
1375 4427 1462 4489 nulla
1494 4428 1684 4512 subscriptio

376 4531 407 4593 iu
432 4531 443 4593 l
467 4537 500 4594 et
522 4553 554 4609 ⁰3
584 4531 725 4595 secundo
750 4531 848 4595 libro:
878 4530 1053 4596 MANILII
1078 4532 1212 4597 BOENI
1236 4532 1583 4598 ASTRONOMICON
1600 4544 1684 4620 mn,

375 4635 532 4700 MANLII
543 4636 718 4723 BOEUIul
727 4636 900 4701 EXPLIC.
911 4638 1047 4702 LIBER
1058 4638 1286 4704 SECVNDVS
1297 4637 1550 4705 PRAETATIO
1562 4641 1685 4708 LIBRI

446 4868 471 4935 ·)
491 4867 522 4923 in
542 4866 606 4923 cod.
628 4866 741 4924 venet:
761 4865 795 4923 ‘is
815 4865 971 4937 Presbyter
990 4867 1042 4939 qui
1061 4867 1125 4925 tibi’
1145 4900 1178 4908 —
1197 4869 1258 4925 uel:
1278 4868 1338 4941 ‘qui
1356 4871 1512 4943 Presbyter
1530 4872 1603 4929 tibi’.
