4134 5834
833 672 920 731 Liber
938 673 987 731 lv.
1023 674 1175 732 788-760.

473 943 477 951 .
509 891 593 957 adde
615 912 718 976 genus
740 890 908 978 proprium
930 891 1027 986 simili
1050 891 1110 957 snb
1133 891 1256 957 semine
1277 891 1410 978 frugum

510 1006 542 1062 et
566 997 717 1064 Cererem
741 1000 834 1064 uaria
855 999 1046 1065 redeuntem
1069 1020 1174 1065 messe
1196 1020 1256 1085 per
1277 999 1373 1065 urbes

455 1128 569 1173 aeones
592 1106 725 1193 paribus
747 1107 880 1193 siliquas
903 1108 1099 1174 referentem
1121 1106 1246 1172 uiribus
1269 1108 1388 1189 omnis;

505 1235 564 1278 nee
588 1220 629 1295 te,
654 1212 791 1295 Baeohe,
814 1215 885 1301 pari
908 1216 1083 1281 donantem
1108 1235 1242 1280 munere
1265 1220 1368 1280 terras

510 1325 606 1406 alque
629 1320 709 1386 aliae
732 1320 804 1386 aliis
826 1320 1017 1389 fundentem
1040 1322 1176 1388 collibus
1199 1343 1295 1403 uuae3

509 1428 660 1493 cinnama
682 1450 742 1494 neo
766 1429 841 1495 totis
863 1431 984 1516 passim
1008 1430 1175 1497 nascentia
1197 1429 1334 1515 eampis3

509 1534 654 1601 diuersas
677 1536 839 1622 pecudum
862 1537 962 1603 lanies
985 1538 1198 1625 propriasque
1221 1536 1364 1603 ferarum

455 1664 497 1708 uo
510 1647 542 1706 et
564 1642 684 1730 duplici
707 1645 834 1710 elansos
858 1645 1047 1731 elephantus
1071 1664 1199 1710 eareere
1222 1649 1338 1709 terrae.

509 1756 588 1836 quot
609 1757 717 1841 paries
740 1750 838 1834 orbis,
862 1752 995 1817 totidem
1019 1752 1080 1817 sub
1102 1751 1248 1838 partibus
1272 1751 1377 1834 orbes,

510 1863 546 1921 ut
568 1858 664 1923 certis
687 1858 841 1946 discripta
864 1860 969 1925 nitent
989 1858 1177 1946 regionibus
1201 1864 1289 1924 astra

504 1964 767 2052 perfundunlque
791 1988 849 2032 suo
873 1966 1035 2033 subiectas
1059 1966 1190 2032 aethere
1213 1973 1337 2053 gentes.

561 2073 687 2159 laniger
710 2074 744 2139 in
766 2074 874 2140 medio
897 2076 1029 2141 sortitus
1052 2074 1161 2140 sidera
1183 2074 1304 2140 mundo

455 2202 663 2246 inuenerem
686 2182 769 2247 inter
791 2182 1000 2269 gelidumque
1023 2203 1158 2269 eaprum
1180 2204 1239 2269 per
1261 2188 1409 2270 tempora
1430 2184 1518 2248 neris

510 2287 625 2353 asserit
646 2289 680 2354 in
704 2289 791 2355 uires
814 2297 960 2376 pontum,
984 2311 1082 2376 quem
1105 2291 1230 2356 uieeral
1251 2290 1331 2376 ipse,

510 2396 637 2482 uirgine
660 2397 794 2484 delapsa
816 2420 891 2465 cum
914 2398 1048 2466 fratrem
1071 2398 1113 2464 ad
1135 2399 1231 2464 litora
1255 2396 1342 2463 uexit

510 2510 543 2568 et
565 2504 668 2569 minui
690 2505 821 2571 defleuit
844 2527 926 2572 onus
949 2507 1147 2593 dorsumque
1168 2505 1284 2571 leuari.

509 2611 600 2677 illum
623 2612 722 2677 etiam
744 2618 901 2679 uenerata
922 2614 999 2679 colit
1021 2614 1130 2679 uieina
1152 2612 1325 2700 Propontis

455 2740 497 2783 sao
510 2718 663 2804 Assyriae
687 2726 719 2785 et
741 2727 854 2806 gentes
877 2726 910 2786 et
931 2721 1004 2787 laxo
1028 2720 1138 2787 Persia
1162 2721 1293 2803 amictu,

509 2826 655 2892 uestibus
677 2827 749 2913 ipsa
771 2828 838 2894 suis
860 2829 1010 2910 haerens,
1033 2826 1192 2913 Nilusque
1215 2833 1398 2893 tumescens

510 2934 544 2997 in
568 2955 720 2999 canorum
744 2940 777 2999 et
799 2935 895 3001 tellus
918 2935 1060 3022 Aegypti
1082 2936 1171 3001 iussa
1193 2939 1318 3000 natare.

510 3047 621 3106 taurus
645 3041 743 3106 habet
765 3041 916 3128 Scythiae
940 3047 1066 3107 montes
1088 3040 1265 3128 Asiamque
1288 3045 1452 3126 potentem

511 3155 544 3213 et
566 3147 671 3214 mollis
694 3148 832 3231 Arabas,
856 3149 1012 3214 siluarum
1035 3148 1116 3215 ditia
1138 3170 1249 3236 regna.

456 3279 498 3323 seu
513 3255 658 3322 Euxinus
680 3254 847 3343 Scythicos
869 3262 987 3344 pontus
1011 3257 1158 3322 sinuatus
1180 3255 1214 3321 in
1238 3276 1331 3320 arem

508 3363 567 3429 sub
589 3364 727 3449 geminis
750 3370 792 3439 te,
816 3363 959 3448 Phoebe,
983 3363 1071 3445 nolit,
1093 3369 1166 3449 post
1188 3362 1341 3428 bracchia
1364 3361 1498 3428 fratrem

512 3472 644 3537 ultimus
666 3471 751 3538 Eoos
775 3470 908 3559 Ganges
931 3473 988 3557 qui
1011 3472 1174 3537 transfluit
1194 3470 1303 3537 Indos.

513 3578 628 3644 ardent
650 3578 827 3665 Aethiopes
850 3601 976 3661 canoro,
1002 3581 1055 3645 eni
1077 3580 1237 3666 plurimus
1259 3580 1355 3665 ignis,

513 3685 575 3752 hoe
598 3686 687 3752 eolor
708 3688 778 3774 ipse
801 3688 904 3753 docel.
952 3687 1106 3774 Phrygia,
1129 3684 1303 3767 Nemeaeo,
1327 3686 1435 3772 potiri,

459 3815 501 3860 uo
513 3790 633 3858 Idaeae
656 3795 768 3860 matris
790 3793 942 3876 famulus,
966 3795 1140 3881 regnisque
1165 3794 1299 3876 feroois¹

461 4007 514 4062 735
530 4001 1667 4079 mnulmegmouuc—uuuuml-ruepsedaml-ummo

354 4103 968 4177 eksamumldesontumgcelephanuem
993 4110 1108 4163 errae
1131 4133 1164 4143 -
1188 4107 1239 4162 741
1258 4101 1476 4174 quodlqsodm
1496 4109 1611 4172 qssoege
1634 4131 1667 4140 —

356 4203 470 4258 meto
487 4203 621 4274 uenena
634 4203 727 4271 (deser.
742 4201 833 4272 Vrat.)
847 4220 920 4261 corr.
934 4219 970 4260 ex
982 4202 1084 4260 dixtl
1099 4203 1228 4273 455755
1238 4217 1267 4257 m
1283 4202 1466 4271 damme
1478 4199 1630 4256 redonibus
1640 4214 1668 4255 m

355 4300 537 4356 romonae
554 4330 588 4340 —-
605 4293 814 4376 743mhiecllsl
830 4318 974 4374 ausurae
993 4331 1025 4341 —
1044 4300 1308 4370 reemtiuugmc
1326 4328 1359 4337 -
1377 4295 1669 4369 leopdidnmlllperl

354 4398 653 4470 quidemqseporgmc
670 4416 875 4470 eapmmomo
892 4401 1014 4456 semo
1029 4429 1058 4439 —
1077 4402 1130 4458 746
1146 4397 1285 4468 amaillg
1300 4397 1439 4453 aduam
1452 4411 1589 4453 omvae
1601 4413 1670 4466 post·

358 4494 1668 4570 tamqroeeruaioemtmipsilipsaga'pasm-iellmusuitlmimtimdoraamleqson'm-

358 4599 411 4653 750
429 4583 667 4681 ΜςΙὛνς
684 4613 725 4668 gc
746 4598 1020 4669 eauemgenloem
1037 4597 1156 4668 posuero
1176 4623 1209 4635 -
1229 4596 1280 4653 751
1302 4579 1473 4668 lumaeeall
1496 4594 1670 4663 tummentg

360 4699 569 4753 nmmum
598 4726 630 4735 -
656 4697 847 4754 rhemum
871 4696 995 4766 arahesg
1019 4695 1161 4751 uernum
1185 4691 1339 4749 oroboslm
1366 4720 1398 4730 -
1425 4694 1478 4749 755
1503 4688 1670 4746 misul
1793 4754 1797 4763 Ι

359 4775 1668 4865 memumuacmuusgusui-roeozlueutmeuegoutmsraoeo-

360 4894 411 4950 757
439 4893 551 4949 ultimae
577 4897 605 4949 et
628 4893 756 4949 solidoeo
783 4892 1071 4949 monmorentius
1092 4905 1224 4946 eoueero
1254 4918 1286 4928 —
1316 4885 1516 4956 759pou'n'51
1537 4885 1671 4956 potnias

356 4990 509 5064 pooagn
528 4995 587 5063 (5,)
609 5021 638 5030 -
659 4995 712 5049 reo
731 4990 915 5062 meeum
937 4991 1130 5062 meme
1150 4969 1273 5056 formul
1293 4988 1436 5055 sermm
1457 4985 1618 5056 sarnago.

1565 5091 1599 5150 80
