4134 5834
918 614 1003 671 biber
1023 615 1042 669 l.
1081 616 1230 674 ael-314.

577 854 699 918 perque
722 831 829 917 ipsum
852 839 958 898 tarrac
983 833 1132 899 derectus
1156 836 1298 899 constitit
1322 836 1443 901 orbem.

523 965 563 1006 aaa
577 962 637 1004 nec
661 961 739 1003 uero
763 962 781 1002 e
804 940 907 1006 solido
931 946 1016 1006 stant
1041 940 1159 1006 robora
1183 944 1326 1027 corporis
1349 944 1395 1007 illi

577 1069 637 1111 nec
661 1068 762 1130 grane
786 1048 911 1132 pondus
935 1048 1044 1129 habet,
1070 1048 1154 1133 quod
1180 1070 1262 1114 onus
1285 1049 1369 1114 ferat
1392 1051 1530 1115 aetheris
1555 1052 1625 1131 alti3

577 1156 632 1219 sed
657 1176 731 1218 cum
755 1176 811 1219 aer
835 1156 940 1219 omnis
964 1177 1093 1241 semper
1117 1157 1266 1220 uoluatur
1289 1158 1322 1221 in
1347 1159 1469 1238 orbem,

577 1284 705 1347 quoque
729 1263 828 1326 semel
853 1264 968 1348 coepit,
993 1268 1079 1328 totus
1104 1264 1191 1328 uolet
1214 1265 1357 1349 undique
1379 1266 1412 1330 in
1437 1266 1555 1351 ipsum,
1708 1352 1710 1355 Ι

577 1370 803 1455 quodcumque
827 1372 860 1434 in
884 1370 991 1435 medio
1016 1380 1074 1452 est,
1099 1372 1185 1435 circa
1208 1373 1293 1456 quod
1318 1380 1435 1437 cuncta
1457 1380 1640 1453 monentur,

521 1501 562 1541 roo
578 1500 679 1563 usque
703 1478 783 1542 adeo
808 1484 914 1558 tenue,
941 1485 976 1542 ut
999 1479 1083 1542 uerti
1106 1501 1170 1543 non
1195 1480 1295 1564 possit
1318 1479 1352 1543 in
1376 1481 1482 1565 ipsum
1543 1546 1546 1552 ,

576 1588 723 1650 aeciam
748 1586 897 1650 inclinari
921 1608 978 1650 nec
1003 1608 1038 1650 se
1062 1593 1251 1651 conuertere
1276 1588 1308 1651 in
1333 1589 1455 1669 orbem,

575 1694 636 1757 hoc
660 1694 768 1757 dixere
792 1715 897 1775 axem,
922 1694 998 1778 quia
1020 1702 1145 1757 motum
1170 1716 1233 1758 non
1259 1695 1357 1759 babet
1380 1696 1492 1777 ullum,

574 1803 644 1887 ipse
669 1802 757 1865 uidet
780 1802 865 1865 circa
889 1802 1059 1865 uolitantia
1082 1808 1198 1865 cuncta
1223 1804 1356 1866 moueri.

574 1931 702 1972 summa
725 1915 836 1972 tenent
859 1909 933 1973 eius·
951 1909 1078 1973 miseris
1103 1910 1270 1973 notissima
1293 1912 1400 1974 nautis

520 2016 668 2101 rossigna
692 2038 749 2100 per
773 2017 956 2080 inmensum
981 2017 1114 2102 cupidos
1138 2017 1290 2081 ducentia
1313 2025 1461 2102 pontum:

489 2145 491 2148 ·
575 2125 795 2208 maioremque
819 2124 934 2188 Helice
959 2125 1063 2188 maior
1085 2125 1262 2188 decircinat
1286 2146 1406 2204 arcum,

575 2240 698 2317 septem
722 2232 811 2296 illarn
835 2232 948 2295 stellae
972 2239 1133 2296 certantes
1157 2233 1279 2296 lumine
1303 2234 1441 2317 signant,

573 2360 638 2425 qua
661 2339 743 2403 duce
767 2361 825 2425 per
848 2339 965 2403 fluctus
989 2340 1109 2403 Graiae
1133 2340 1211 2403 daut
1235 2341 1308 2403 uela
1331 2341 1471 2404 carinae.

574 2452 712 2529 angusto
738 2445 906 2532 Cynosura
930 2448 1039 2511 breuis
1064 2455 1232 2532 torquetur
1255 2448 1288 2511 iu
1313 2447 1389 2512 orbe

518 2575 672 2638 conquam
696 2555 810 2638 spatio,
835 2560 901 2617 tam
926 2554 998 2617 luce
1022 2555 1143 2632 minor;
1167 2554 1223 2618 sed
1248 2555 1353 2618 iudice
1380 2555 1479 2618 uincit

574 2662 730 2725 maiorem
755 2661 863 2746 Tyrio.
910 2661 1029 2726 Poenis
1053 2661 1132 2724 haec
1158 2663 1275 2726 certior
1298 2669 1410 2726 auctor

573 2790 638 2833 non
663 2777 874 2854 apparentem
898 2770 1013 2854 pelago
1039 2769 1269 2853 quaerentibus
1293 2770 1415 2833 orbem.

572 2899 633 2941 nec
656 2877 788 2962 paribus
813 2876 936 2962 positae
961 2884 1037 2941 aunt
1059 2877 1235 2957 frontibus;
1260 2884 1396 2961 utraque
1420 2878 1557 2942 caudam

573 2986 679 3069 uergit
702 2984 735 3048 in
760 2984 893 3048 alterius
917 2993 1020 3050 rostro
1046 2986 1255 3071 sequiturque
1279 2991 1479 3069 sequentem.

519 3116 559 3158 aaa
574 3093 632 3156 has
657 3093 741 3157 inter
764 3092 855 3156 lusus
879 3092 1065 3177 circumque
1090 3092 1259 3177 amplexus
1283 3100 1454 3177 utramque

573 3201 689 3265 diuidit
711 3209 744 3265 et
766 3200 867 3285 ciugit
890 3201 989 3265 stellis
1014 3200 1202 3264 ardentibus
1227 3200 1352 3283 anguis,

574 3330 615 3373 ne
639 3315 754 3372 coeant
777 3308 937 3371 abeantuc
961 3309 1027 3370 suis
1052 3329 1071 3369 a
1094 3306 1225 3371 sedibus
1251 3329 1413 3392 umquam.

573 3415 659 3479 buno
683 3416 767 3478 inter
790 3414 997 3497 mediumque
1021 3414 1143 3495 orbem,
1168 3435 1231 3498 quo
1256 3414 1362 3478 sidera
1385 3422 1509 3500 septem

573 3523 703 3608 perbis
727 3543 807 3586 sana
830 3521 942 3585 nolant
965 3527 1077 3585 contra
1102 3522 1236 3586 nitentia
1260 3523 1363 3606 signa,

518 3654 559 3694 aro
574 3629 674 3693 mixta
698 3650 736 3693 ex
760 3628 897 3692 diuersis
922 3636 1120 3711 consurgunt
1143 3628 1267 3692 uiribus
1292 3636 1378 3693 astra

573 3739 648 3802 hinc
673 3736 780 3800 uicina
802 3735 876 3821 polo
901 3734 1090 3820 Phoebique
1113 3736 1187 3800 hinc
1211 3737 1359 3821 proxima
1381 3736 1535 3817 flammis3

572 3865 655 3930 quae
680 3844 756 3929 quia
779 3843 955 3922 dissimilis,
980 3865 1045 3927 qua
1071 3849 1202 3927 pugnat,
1226 3850 1386 3928 temperat
1409 3867 1474 3925 aer,

573 3952 767 4037 frugiferum
791 3951 850 4015 sub
875 3972 910 4015 se
934 3951 1074 4015 reddunt
1094 3952 1284 4016 mortalibus
1308 3953 1428 4016 orbern.

572 4060 718 4143 proxima
742 4059 889 4145 frigentis
912 4065 1018 4122 arctos
1042 4060 1238 4143 boreamque
1263 4060 1422 4144 rigentem

522 4331 572 4384 984
587 4330 705 4382 directae
718 4342 734 4380 ο
748 4329 875 4397 corrapictt
888 4341 905 4381 o
920 4356 951 4363 —
967 4327 1018 4381 285
1032 4345 1046 4380 e
1058 4340 1130 4381 corr.
1146 4342 1173 4381 m
1188 4340 1223 4381 ex
1237 4331 1270 4381 et.
1280 4331 1335 4380 stat
1348 4328 1441 4381 robore
1453 4340 1469 4379 o
1483 4338 1518 4378 cx
1532 4327 1683 4382 incarnat
1697 4342 1723 4381 m

413 4430 438 4483 ci
444 4444 466 4479 a)
476 4428 505 4482 in
519 4425 649 4494 margine
661 4424 699 4479 ad
709 4426 985 4494 aaloearqorauta
995 4424 1040 4479 lm
1053 4456 1084 4464 —
1097 4428 1148 4479 ’294
1159 4426 1308 4479 malcolmo
1319 4439 1347 4478 m
1359 4453 1391 4459 -
1403 4425 1454 4477 ‘295
1465 4424 1683 4493 inmeaaumlgm
1693 4454 1724 4461 —-

413 4528 466 4580 996
485 4527 585 4580 helicen
600 4539 627 4577 m
648 4538 684 4578 cx
703 4525 828 4577 aroldum
849 4538 921 4576 corr.
941 4541 1037 4577 crore-m
1056 4538 1082 4577 m
1103 4527 1211 4577 arctam
1226 4537 1246 4571 ω
1268 4546 1301 4557 ·-
1321 4523 1372 4575 998
1389 4524 1471 4592 prada
1490 4538 1518 4577 m
1537 4525 1630 4578 con'nc
1644 4539 1671 4577 m
1694 4552 1724 4559 -

414 4627 465 4678 ⁴299
489 4625 577 4678 orbem
597 4622 634 4688 (m
654 4620 770 4675 addidit
787 4620 943 4685 corrector)
962 4635 989 4674 m
1010 4620 1054 4685 (bl
1074 4622 1136 4675 orbe
1152 4637 1173 4671 o
1191 4650 1224 4655 -
1243 4618 1295 4674 30‘2
1316 4621 1377 4674 orbe
1396 4635 1422 4673 nr
1443 4620 1521 4683 (add.
1540 4635 1612 4674 corr.
1630 4630 1669 4685 m)
1692 4651 1724 4657 —

413 4721 450 4775 ad
471 4723 523 4775 305
548 4722 592 4774 De
610 4717 728 4788 Anprael
748 4720 934 4785 interfumarg
952 4720 1153 4786 interfueram
1174 4747 1206 4754 -
1229 4717 1280 4771 307
1300 4717 1447 4772 caedibus]
1467 4720 1578 4773 aedituas
1592 4733 1619 4772 m
1641 4718 1723 4783 (corr.

1476 4789 1491 4824 ÷
1513 4789 1542 4827 oli
1551 4790 1591 4827 ccli
1608 4800 1635 4827 uo
1645 4790 1693 4827 truie

414 4848 441 4899 in
464 4846 566 4913 marg.)
586 4872 617 4880 -
637 4844 689 4896 309
710 4844 829 4897 lacendo
849 4856 921 4896 corr.
941 4858 975 4896 ex
995 4845 1114 4898 niceana
1127 4858 1156 4895 m
1180 4872 1213 4879 —
1238 4843 1287 4896 311
1313 4844 1457 4897 uicenam
1484 4800 1538 4897 allo
1561 4800 1607 4896 bill
1627 4844 1678 4896 oeli
1696 4858 1723 4896 nr

410 4945 469 5015 poli
487 4944 588 5011 colaque
601 4959 621 4991 ω
642 4974 675 4982 -
695 4942 747 4996 314
765 4941 896 5010 fregeratis
908 4954 936 4993 m
954 4942 1087 5010 frigentes
1099 4956 1120 4991 o
1140 4945 1275 5009 repentem
1288 4954 1325 4995 m.
