4134 5834
921 577 1007 661 moer
1026 602 1074 661 lv.
1115 605 1263 660 rer-roe.

595 822 675 886 haeo
699 820 806 885 studia
829 827 861 885 et
883 819 997 885 similis
1020 819 1107 885 diuet
1127 820 1334 885 nascentibus
1357 825 1444 885 artes

595 936 628 994 et
650 928 749 993 dubia
772 929 805 993 in
829 927 953 1013 trepido
977 927 1168 1014 praecordia
1190 933 1321 1013 pectore
1344 926 1445 1011 finget
1502 953 1505 959 ·

595 1056 694 1120 seque
717 1056 776 1099 sua
800 1056 928 1121 semper
952 1034 1114 1120 cupientia
1136 1034 1280 1099 uendere
1302 1033 1407 1099 laude.

543 1169 582 1210 uo
620 1134 622 1138 ’
649 1151 760 1207 taurus
783 1143 983 1229 simplicibus
1007 1142 1131 1208 dotabit
1152 1164 1230 1207 rura
1254 1142 1385 1222 oolonis,

595 1250 766 1336 pacatique
789 1250 882 1314 labor
905 1251 1029 1331 ueniet3
1054 1271 1113 1314 neo
1136 1251 1283 1336 praemia
1304 1249 1419 1329 landis,

596 1358 652 1422 sed
675 1364 781 1421 terrae
805 1357 925 1422 tribuet
946 1363 1067 1442 partus.
1114 1357 1287 1422 summittit
1308 1357 1342 1422 in
1365 1356 1460 1421 astris

596 1464 678 1529 colla
701 1465 879 1548 iugumque
902 1465 969 1529 suis
992 1463 1096 1550 poscit
1118 1463 1299 1529 oeruioibue
1321 1465 1400 1549 ipse.

596 1571 650 1635 ille
673 1572 740 1635 suis
764 1571 889 1637 Phoebi
912 1577 1020 1657 portat
1042 1593 1116 1637 eam
1140 1572 1292 1638 cornibus
1314 1572 1437 1651 orbern,

543 1702 581 1745 145
596 1678 743 1743 militiam
766 1680 880 1744 indicit
903 1680 997 1744 terris
1020 1685 1053 1744 et
1075 1680 1188 1764 segnia
1210 1701 1286 1744 rura

595 1788 629 1851 iu
653 1793 780 1852 ueteres
802 1794 935 1853 reuocat
957 1789 1073 1869 cultus,
1098 1788 1163 1852 dux
1186 1788 1255 1872 ipse
1277 1787 1413 1867 laboris3

596 1916 656 1958 neo
679 1894 764 1959 iacet
785 1895 818 1959 in
843 1895 940 1959 sulcis
963 1895 1126 1979 soluitque
1149 1894 1183 1959 in
1206 1895 1340 1979 puluere
1363 1899 1490 1979 peetus3

596 2002 762 2083 Serranae,
788 2000 967 2087 Curiosque
991 2002 1066 2066 tulit
1088 2000 1257 2086 fascesque
1280 2022 1441 2086 perarua

597 2108 738 2188 tradidit,
763 2131 846 2194 eque
869 2130 928 2175 suo
952 2110 1090 2175 dictator
1113 2109 1203 2174 uenit
1225 2115 1343 2174 aratro.

544 2215 701 2281 notandis
725 2219 826 2297 amor,¹
850 2216 967 2282 tacitae
990 2223 1126 2295 mentes,
1150 2222 1182 2282 et
1205 2237 1340 2302 corpora
1363 2216 1457 2281 tarda

597 2322 682 2387 mole
705 2324 825 2406 ualent,
849 2325 1037 2409 habitatque
1061 2346 1142 2410 puer
1163 2324 1223 2389 sub
1246 2323 1353 2389 fronte
1377 2321 1512 2409 Cupido.

650 2431 779 2496 mollius
802 2453 821 2496 e
843 2432 982 2516 geminis
1006 2431 1149 2496 studium
1172 2438 1221 2496 est
1246 2437 1279 2496 et
1300 2432 1409 2496 mitior
1431 2437 1521 2496 aetas

596 2559 655 2622 per
678 2538 786 2603 uarios
810 2546 924 2603 cautus
946 2538 1177 2623 modulateque
1201 2537 1336 2603 uocibus
1359 2558 1417 2603 ora
1464 2582 1468 2596 ·

597 2650 630 2707 et
652 2645 781 2728 gracilis
806 2646 947 2711 calamos
970 2651 1003 2710 et
1026 2645 1136 2711 neruis
1158 2645 1255 2710 insite
1279 2647 1380 2710 uerba

544 2775 584 2817 155
597 2750 842 2836 ingenitumque
865 2773 996 2833 sonum3
1020 2752 1584 2860 lprmQ-noiuptpffi
1659 2827 1662 2833 ,

597 2879 688 2923 arma
710 2860 822 2944 procul
845 2860 1006 2945 lituosque
1029 2860 1144 2925 uolunt
1167 2859 1356 2944 tristemque
1379 2865 1558 2939 senectem3

598 2965 664 3030 otia
687 2973 720 3030 et
742 2973 907 3032 aeternam
929 2973 1090 3053 peragunt
1112 2967 1146 3031 in
1169 2988 1280 3032 amore
1303 2968 1479 3031 iuuentem.

598 3074 767 3138 inueniunt
789 3081 822 3139 et
843 3075 877 3140 in
900 3080 987 3139 astra
1012 3076 1082 3139 uias
1105 3075 1312 3159 numerisque
1336 3073 1505 3158 modisque

599 3189 824 3246 consummant
847 3183 958 3247 orbem
983 3189 1118 3267 postque
1143 3182 1229 3268 ipsos
1253 3181 1360 3246 sidera
1382 3181 1548 3265 linqunut;

547 3295 715 3352 roonatnra
738 3281 868 3371 ingenio
893 3289 999 3354 minor
1022 3295 1071 3353 est
1093 3310 1215 3374 perque
1239 3288 1349 3354 omnia
1372 3288 1481 3354 seruit.

600 3395 631 3457 in
655 3401 702 3458 tot
725 3396 855 3461 fecundi
879 3396 1000 3481 gemini
1023 3402 1206 3461 oommenta
1228 3395 1384 3461 feruntur.

543 3531 547 3539 ·
653 3523 769 3566 oanoer
791 3503 833 3567 ad
856 3503 1023 3568 ardentem
1047 3503 1176 3589 fulgens
1199 3505 1232 3568 in
1255 3504 1387 3569 oardiue
1411 3509 1541 3582 metam,

600 3630 697 3692 quam
722 3609 872 3675 Phoebus
895 3612 1029 3676 summis
1052 3617 1223 3676 reuocatus
1246 3612 1394 3676 curribus
1416 3609 1527 3689 ambit,

600 3718 770 3782 artiouium
795 3718 908 3784 mundi
931 3719 1049 3784 retinet
1071 3718 1225 3805 lucesque
1248 3718 1392 3783 reflectit.
1493 3808 1494 3812 Ἰ

547 3846 585 3888 roe
600 3824 653 3887 ille
677 3831 773 3890 tenax
796 3826 895 3891 enimi
920 3827 1089 3911 nullosque
1112 3828 1233 3891 effusus
1256 3826 1289 3890 in
1313 3847 1391 3891 usus

600 3932 745 3998 attribuit
769 3935 875 4000 uarios
899 3941 1052 4019 quaestus
1075 3941 1242 4019 artemque
1265 3934 1443 3998 lucrorum:

907 4084 922 4115 ÷
931 4075 999 4121 fluum

551 4126 599 4179 131
619 4127 753 4182 simiteeo
773 4156 804 4166 -
828 4129 878 4183 138
895 4128 1029 4198 sianum
1047 4130 1191 4199 mpetum
1208 4130 1337 4198 fipamm
1354 4129 1479 4198 16916-
1497 4127 1546 4181 139
1567 4126 1766 4181 duodenne-³

445 4223 496 4276 140
514 4224 620 4278 dotauit
632 4222 677 4278 lm
697 4214 811 4281 dodomt
823 4241 839 4280 e
859 4227 960 4281 dotabit
972 4240 992 4295 g
1003 4255 1040 4264 -
1055 4230 1102 4283 141
1113 4231 1249 4296 pacatqsw
1262 4241 1290 4281 m
1302 4255 1337 4263 —
1354 4227 1402 4281 149
1415 4224 1563 4280 summittit
1575 4225 1606 4279 ia
1618 4225 1708 4279 aare
1720 4222 1752 4279 lc

440 4323 526 4376 eoiret
548 4326 580 4376 ut
603 4323 634 4375 in
657 4324 782 4390 ontrieg
808 4323 983 4392 wmitllttm
1008 4339 1219 4393 u1eam..v2
1242 4352 1275 4361 -
1301 4327 1351 4378 144
1374 4314 1453 4393 pdtat
1469 4316 1537 4377 1-
1564 4324 1613 4377 145
1633 4315 1752 4391 sipoial

440 4421 561 4489 sionem
583 4448 615 4457 -
639 4422 688 4474 148
706 4420 888 4489 facesquelm
908 4423 1054 4490 furemqg
1071 4424 1211 4491 foeteret
1229 4435 1331 4490 arsag
1348 4436 1455 4477 aaran>
1478 4449 1511 4458 -
1536 4421 1585 4475 149
1604 4433 1698 4489 equeo
1718 4446 1751 4456 —

444 4519 494 4572 156
513 4522 572 4572 eto
601 4545 634 4554 -
666 4519 713 4572 151
733 4500 870 4587 frobiteg
897 4547 930 4556 —
962 4520 1010 4574 152
1029 4518 1241 4587 nwtlibrelgm
1260 4520 1401 4575 molliora
1429 4547 1462 4556 -
1493 4519 1542 4573 153
1561 4518 1628 4574 hora
1644 4516 1688 4572 lm
1718 4545 1751 4555 -
1862 4582 1864 4586 Α

445 4615 495 4669 154
511 4607 649 4684 paedor
665 4617 780 4685 praeitis
792 4632 814 4668 ω
832 4618 926 4671 nenia
944 4617 975 4671 ia
987 4621 1046 4671 aeta
1057 4618 1140 4699 perta
1153 4632 1182 4672 m
1197 4647 1228 4654 -
1245 4619 1294 4671 155
1313 4619 1449 4687 tepentem
1464 4630 1543 4686 queo
1560 4617 1663 4671 eodum
1676 4630 1704 4671 m
1718 4643 1751 4654 -

446 4715 494 4767 156
511 4714 664 4783 poultuosq.
678 4728 694 4768 e
715 4715 796 4769 lituos
808 4715 906 4770 uolunt
918 4729 938 4782 g
951 4742 983 4751 -
1001 4717 1050 4770 157
1063 4716 1093 4769 in
1106 4720 1191 4771 morte
1204 4729 1221 4771 o
1235 4743 1268 4752 -
1285 4717 1334 4770 158
1347 4716 1521 4783 munerisque
1533 4729 1561 4769 m
1576 4742 1607 4751 -
1625 4716 1674 4769 159
1691 4730 1752 4769 ooa-

443 4816 582 4866 sammant
596 4826 613 4865 0
628 4816 774 4880 postquam
788 4827 805 4866 0
824 4840 855 4847 -
874 4815 924 4866 160
941 4794 1038 4867 seiddnt
1051 4811 1061 4865 l
1076 4846 1108 4853 —
1124 4814 1173 4867 162
1192 4814 1295 4868 uictam
1308 4812 1367 4882 lge
1385 4817 1484 4868 metam
1498 4827 1526 4867 m
1546 4812 1661 4877 (uictam
1676 4810 1707 4876 L)
1718 4839 1751 4848 —
1795 4793 1798 4798 ⁸

445 4910 496 4964 163
507 4922 615 4979 quomo
625 4937 655 4945 -
670 4912 719 4964 164
729 4911 850 4978 lucesque
857 4909 999 4978 remotim
1010 4911 1120 4979 liciaque
1129 4906 1265 4980 reflectit‘e
1277 4912 1369 4980 taoisq.
1379 4910 1453 4966 alm
1465 4938 1496 4948 -
1508 4912 1559 4966 166
1569 4929 1600 4965 ao
1610 4912 1706 4966 tribuit
1714 4925 1751 4966 m.
