4134 5834
853 588 940 648 Liber
958 590 978 647 Ι.
1015 594 1166 649 tel-49&

511 807 719 895 respondent,
743 808 852 874 media
874 810 1026 875 extremis
1051 814 1149 894 atque
1172 809 1287 875 ultima
1310 811 1444 876 summis

511 916 700 996 creduntur3
724 916 803 981 satis
826 920 884 998 est,
909 917 937 982 si
959 937 995 982 se
1018 938 1083 981 non
1107 916 1217 981 omnia
1240 918 1356 983 celant.

512 1023 686 1112 praecipue
709 1023 815 1088 medio
840 1045 913 1089 cum
936 1024 1016 1089 luna
1040 1024 1227 1110 implebitur
1249 1026 1337 1106 orbe,

457 1158 497 1199 ao
512 1139 600 1198 certa
623 1130 728 1196 nitent
751 1131 871 1197 mundo
895 1139 964 1197 tum
987 1132 1125 1198 lumina:
1151 1132 1300 1198 conditur
1323 1155 1419 1199 omne

511 1240 678 1305 stellarum
703 1238 831 1324 uulgus,
855 1239 985 1325 fugiunt
1008 1240 1078 1305 sine
1101 1240 1232 1305 nomine
1255 1242 1358 1327 signa.

511 1368 592 1435 pura
614 1347 690 1411 licet
713 1367 817 1413 uacuo
840 1352 909 1412 tum
933 1368 1066 1413 cernere
1089 1348 1196 1414 sidera
1220 1349 1321 1430 caelo,

510 1476 570 1521 nec
594 1454 712 1519 fallunt
734 1474 870 1519 numero
894 1455 1004 1540 paruis
1027 1477 1088 1520 neo
1111 1456 1213 1521 mixta
1234 1458 1391 1522 teruntur.

510 1571 542 1628 et
564 1584 628 1649 quo
653 1563 741 1627 clara
764 1563 869 1648 magis
891 1564 996 1648 possis
1019 1584 1215 1650 cognoscere
1239 1564 1343 1650 signa,

455 1696 495 1738 aa
510 1692 573 1736 non
597 1671 706 1735 uarios
730 1670 835 1736 obitus
859 1678 978 1735 norunt
1001 1673 1152 1736 uariosue
1175 1693 1345 1753 recursum!

509 1786 598 1843 certa
620 1778 677 1841 sed
701 1778 733 1842 in
757 1777 905 1863 proprias
928 1778 1078 1843 oriuntur
1100 1779 1207 1844 sidere
1230 1780 1320 1845 luces

509 1887 699 1971 natalesque
722 1906 797 1951 suos
821 1906 1037 1972 occasumque
1061 1887 1175 1951 ordine
1198 1895 1339 1953 seruant.

509 2016 569 2059 nec
593 1994 766 2079 quicquam
790 1995 823 2057 in
847 1999 938 2057 tanta
962 1994 1067 2079 magis
1090 2002 1140 2060 est
1162 1994 1311 2061 mirabile
1334 1997 1429 2079 mole,

508 2122 605 2187 qnam
631 2100 712 2165 ratio
737 2107 769 2164 et
792 2099 888 2165 certis
912 2102 999 2185 quod
1022 2101 1151 2187 legibus
1174 2102 1284 2167 omnia
1306 2112 1431 2189 parent.

453 2233 494 2275 sao
509 2229 669 2293 nusquam
693 2209 789 2273 turba
813 2214 917 2290 uocet,
940 2209 1022 2273 nihil
1047 2210 1121 2274 ullis
1144 2211 1291 2295 partibus
1315 2219 1412 2292 errat,

507 2316 611 2381 laxius
635 2322 691 2380 aut
715 2315 846 2380 breuius
869 2322 1037 2382 mutetoue
1060 2317 1174 2382 ordine
1197 2317 1308 2383 fertur.

508 2425 584 2509 quid
609 2430 675 2488 tam
699 2423 869 2488 confusum
894 2424 1014 2510 specie,
1039 2424 1116 2509 quid
1141 2431 1207 2489 tam
1231 2426 1303 2490 uice
1327 2434 1450 2491 certum
1474 2426 1545 2491 est?

559 2554 595 2596 ac
620 2531 699 2595 mihi
723 2536 789 2595 tam
812 2551 968 2616 praesens
991 2531 1075 2595 ratio
1098 2552 1162 2597 non
1187 2532 1254 2597 ulla
1274 2532 1413 2615 uidetur,

507 2661 572 2726 qna
594 2644 704 2723 pateat
724 2637 882 2701 mundum
906 2637 1016 2703 diuino
1040 2640 1174 2703 numine
1199 2641 1282 2704 uerti

452 2771 492 2813 aas
506 2753 604 2833 atque
628 2746 733 2830 ipsum
757 2765 828 2809 esee
852 2743 949 2808 deum
974 2766 1033 2809 nec
1058 2744 1142 2811 forte
1166 2745 1268 2811 coisse
1291 2748 1458 2832 magistra,

506 2862 541 2918 ut
564 2853 667 2918 uoluit
690 2851 787 2924 credi,
813 2852 868 2937 qui
892 2851 1016 2938 primus
1040 2852 1170 2918 moenia
1193 2854 1306 2931 mundi

505 2960 682 3026 seminibus
706 2960 823 3024 struxit
844 2960 987 3025 minimis
1010 2962 1110 3046 inque
1132 2961 1188 3025 illa
1211 2961 1354 3042 resoluit,

505 3090 524 3132 e
547 3068 619 3153 quis
644 3075 675 3131 et
699 3068 801 3132 maria
824 3076 857 3131 et
881 3074 984 3133 terras
1007 3075 1041 3131 et
1063 3068 1171 3133 sidera
1194 3067 1274 3132 caeli

506 3176 703 3261 aetheraque
726 3175 882 3240 inmensis
906 3175 1121 3240 fabricantem
1144 3175 1264 3240 finibus
1286 3176 1381 3241 orbes

452 3307 492 3347 aso
506 3284 751 3367 soluentemque
774 3282 855 3347 alios
880 3289 1027 3347 constare
1052 3289 1085 3346 et
1108 3290 1224 3347 cuncta
1247 3285 1367 3347 reuerti

506 3392 537 3455 iu
563 3412 622 3454 sua
645 3390 804 3476 principia
827 3398 859 3453 et
882 3410 990 3454 rarum
1014 3394 1141 3454 mutm
1164 3388 1295 3475 figuras.

505 3498 578 3583 quis
602 3497 713 3562 credat
735 3504 842 3561 tantas
866 3517 1000 3582 operum
1024 3496 1095 3562 sine
1118 3499 1251 3562 numine
1274 3485 1376 3563 moles

504 3627 545 3670 es
569 3605 710 3670 minimis
734 3626 896 3690 caecoque
920 3610 1065 3669 creatum
1089 3604 1221 3669 foedere
1244 3604 1424 3670 mundum?

505 3714 531 3778 si
555 3713 622 3778 fors
646 3712 708 3777 iata
731 3712 822 3776 dedit
844 3712 948 3780 nobis.
972 3710 1038 3777 fors
1061 3712 1133 3797 ipsa
1155 3713 1324 3798 gubernet.

451 3844 491 3886 ou
505 3829 538 3884 nt
561 3841 619 3885 cur
641 3820 806 3906 dispositis
829 3819 957 3885 uicibus
979 3841 1177 3905 consurgere
1200 3822 1295 3906 signa

504 3935 536 3991 ct
560 3927 650 3991 uelut
671 3926 808 4012 imperio
832 3927 1048 4014 praescriptos
1069 3927 1207 3993 reddere
1230 3949 1344 3992 cursus

504 4035 666 4099 cernimus
690 4055 728 4099 ac
751 4034 850 4099 nullis
873 4034 1122 4120 properantibus
1147 4035 1213 4099 ulla
1235 4034 1395 4120 relinqui?

504 4163 562 4206 our
584 4141 698 4206 eadem
721 4142 864 4206 aestiuas
886 4152 1046 4206 exornant
1068 4142 1175 4207 sidera
1197 4149 1309 4206 noctes

449 4336 658 4392 lblssedtoeo
686 4364 719 4375 -
748 4322 1658 4400 lbsswdmtsro—lldmlamtaomlmocfflibsrl

341 4432 1657 4517 epditsrnwsdttsrrnr—lllsiymo-lttptmo-lllqaodlquodcqsogm-

343 4531 1396 4603 lltmiosqseo-ltlsstalsqsro-lfflmattmms—
1425 4530 1656 4585 llem'aeer

343 4628 1658 4697 musmones-ino-antesaaneamuomnlgmc-

341 4729 1656 4820 tdtmlqtdgmmo-fflmlmimmo-lwmmos

340 4795 1656 4896 mammons-ssessionem-sesarcorcmexau-seeaescliiel

340 4909 754 4997 mathian-goscelinus.
