4134 5834
818 640 903 697 Liber
924 640 959 697 ΙΙ.
996 641 1146 697 erl-341.

484 864 569 928 hanc
593 869 701 926 autem
726 859 852 925 numeri
875 880 941 924 non
966 858 1071 922 reddit
1093 858 1180 922 linea
1204 879 1374 937 summam,

485 973 513 1037 si
536 972 665 1057 siguum
686 990 706 1033 3
729 970 832 1054 signo,
858 989 922 1032 non
945 988 1022 1052 pere
1047 987 1067 1030 a
1088 972 1181 1051 perte
1204 972 1343 1031 notetur.

486 1078 571 1165 quod
596 1077 745 1163 quemuis
769 1076 833 1140 duo
857 1075 922 1139 sint
944 1074 1045 1138 ternis
1069 1073 1294 1138 dirimentibus
1317 1079 1414 1154 astra,

485 1188 511 1251 si
536 1192 645 1250 tamen
669 1190 846 1249 extremam
870 1183 957 1247 laeui
979 1182 1184 1267 primamque
1207 1182 1323 1267 prioris

430 1296 569 1361 uuinton
592 1315 626 1358 se
651 1292 798 1357 conferre
821 1292 912 1356 noles
936 1311 1173 1376 numerumque
1196 1296 1320 1373 notare,

485 1407 535 1466 ter
558 1402 804 1487 quinquagenes
828 1400 1009 1484 implebunt
1032 1398 1145 1463 ordine
1169 1403 1293 1484 partes;

485 1508 635 1573 transibit
657 1528 813 1572 numerus
835 1506 974 1570 formem
998 1505 1145 1590 finesque
1169 1504 1334 1590 sequentis

486 1620 655 1681 consumet
677 1614 802 1679 ductus.
850 1614 925 1677 lieet
948 1633 1025 1697 ergo
1049 1614 1144 1697 signa
1166 1612 1294 1696 trigona

485 1724 644 1803 dicantur,
669 1729 777 1807 partes
801 1742 865 1785 non
890 1727 1024 1785 seruent
1046 1718 1103 1784 ille
1126 1721 1278 1804 trigonus.

386 1859 388 1861 ·
431 1832 565 1897 esohaeo
589 1830 704 1895 eedem
728 1830 853 1914 species
877 1829 968 1893 fallet
990 1849 1049 1913 per
1073 1828 1166 1913 signa
1189 1828 1361 1912 quadrata3

486 1938 570 2023 quod
596 1959 669 2002 cum
692 1938 790 2001 totius
814 1936 951 2016 numeri,
975 1936 1029 2020 qui
1054 1936 1211 1999 construit
1234 1934 1344 1999 orbem

485 2053 535 2110 ter
558 2045 682 2130 quadra
705 2043 838 2130 triginta
861 2049 970 2128 partes
993 2064 1052 2128 per
1075 2042 1181 2107 sidera
1204 2042 1350 2119 reddant,

486 2154 605 2233 euenit,
631 2158 674 2230 ut,
698 2152 804 2237 prima
827 2152 912 2235 signi
935 2150 976 2213 de
999 2156 1092 2235 perte
1116 2149 1233 2234 prioris

485 2262 512 2324 ei
535 2266 660 2346 partem
684 2259 726 2323 ed
750 2279 911 2323 summam
934 2258 1073 2323 ducetur
1096 2257 1189 2341 uirga
1213 2258 1387 2343 sequentis,

431 2367 534 2435 suebis
557 2387 737 2452 sexagenas
760 2366 874 2447 iaciet3
898 2367 948 2430 sin
972 2386 1100 2431 summa
1123 2366 1240 2450 prioris

485 2481 517 2540 ct
539 2497 615 2561 pars
638 2474 803 2540 confertur
825 2474 987 2540 subiuncti
1011 2474 1125 2558 prima,
1150 2473 1289 2537 duorum

485 2583 651 2669 signorum
674 2582 708 2647 iu
732 2582 839 2647 medio
863 2603 1035 2646 numerum
1058 2581 1238 2666 transitque
1262 2581 1440 2666 refertque3

485 2690 618 2775 triginta
641 2690 785 2775 duplicet
807 2695 925 2775 partes,
950 2710 1025 2775 pers
1050 2690 1146 2753 tertia
1169 2689 1286 2767 deerit3

484 2804 516 2863 et
539 2799 690 2884 quemuis
713 2804 864 2883 quartum
889 2819 908 2861 a
931 2803 1047 2882 quarto
1070 2797 1142 2881 quis
1166 2802 1331 2880 computet
1353 2802 1486 2875 astrum,

429 2929 472 2973 eoo
485 2905 693 2990 naufragium
716 2905 838 2969 socient
859 2912 968 2989 partes
992 2904 1088 2968 unius
1110 2904 1143 2967 in
1168 2904 1255 2989 ipsis.

485 3034 550 3077 nou
573 3013 674 3099 igitur
696 3013 774 3078 setis
798 3018 848 3076 est
870 3012 971 3095 signis
994 3032 1183 3076 numerasse
1206 3012 1335 3096 trigone

484 3120 675 3205 quadratiue
697 3120 796 3186 fidem
819 3120 899 3185 caeli
922 3141 982 3205 per
1004 3120 1099 3204 signa
1122 3124 1289 3204 quaterna.

484 3228 633 3314 quadrati
656 3228 683 3293 si
706 3228 790 3294 forte
814 3228 904 3293 uoles
928 3227 1085 3312 effingere
1109 3225 1256 3308 formem,

486 3342 542 3399 eut
564 3337 656 3401 trinis
679 3336 812 3421 peribus
836 3336 934 3401 iacies
960 3356 1033 3400 cum
1057 3333 1204 3399 membre
1227 3334 1355 3419 trigoni.

430 3465 471 3510 333
485 3442 538 3506 hio
560 3445 664 3529 poscit
686 3445 832 3529 quintam
858 3451 982 3529 partem
1007 3443 1186 3508 centesima
1208 3462 1344 3522 summa,

484 3549 550 3615 illic
575 3551 693 3615 emittit
716 3552 886 3617 decimam.
935 3552 980 3615 sic
1004 3551 1158 3616 conuenit
1180 3550 1269 3615 ordo.

485 3663 517 3721 et
540 3659 753 3744 quiscumque
777 3665 891 3744 quater
914 3659 1032 3723 iunctis
1056 3658 1147 3723 ieuet
1169 3659 1307 3742 angulus
1332 3680 1444 3744 usque,

485 3786 633 3851 quasque
656 3766 728 3831 loce
750 3768 784 3830 in
802 3766 925 3855 triplici
951 3766 1089 3851 signarit
1110 3765 1197 3829 linea
1220 3765 1329 3844 ductu,

486 3894 559 3937 cum
583 3875 711 3959 signata
734 3875 807 3938 uiae
831 3874 958 3959 linquet
978 3873 1148 3958 dispendia
1171 3878 1270 3953 recto,

431 3978 535 4044 oschis
558 3985 675 4046 notura
698 3981 788 4045 dedit
811 3981 975 4045 communi
999 3980 1132 4044 foedera
1155 3980 1227 4064 lege

485 4087 583 4171 inque
607 4088 711 4152 uicem
736 4089 871 4152 affectus
896 4093 927 4151 et
951 4092 1064 4151 mutua
1087 4089 1159 4150 iura
1182 4087 1312 4151 fauoris.

432 4273 485 4327 313
512 4272 607 4327 ricto
633 4277 699 4327 emt
718 4289 740 4323 o
767 4292 785 4326 α
809 4272 866 4327 diri
888 4271 1047 4327 metum}
1075 4272 1158 4327 andri
1180 4272 1313 4327 urentibus
1330 4287 1357 4327 m
1386 4272 1460 4327 adiri
1483 4291 1517 4326 nr.
1536 4288 1577 4342 go
1606 4302 1637 4310 -

325 4368 378 4423 314
390 4362 753 4439 aemmoprimomwl
773 4370 979 4439 primumquem
993 4370 1202 4439 premamuegc
1222 4398 1255 4407 ·-
1274 4373 1326 4425 315
1343 4369 1453 4438 33133331
1470 4372 1590 4440 uereog
1606 4401 1637 4408 -

324 4468 377 4523 316
396 4466 601 4538 mosaycae-sm
620 4498 652 4505 -
670 4466 874 4537 317113333μο
894 4498 926 4506 -
945 4461 1273 4538 arepertulparrism
1290 4471 1492 4537 133313333-
1514 4471 1565 4525 322
1587 4470 1640 4523 Ter

325 4564 505 4635 tricintolgc
518 4573 558 4621 ter
570 4566 744 4638 trinqintam
755 4565 1593 4635 333333313ιο-3333311333133331335-323313331133
1606 4598 1638 4605 -

325 4665 378 4719 325
397 4664 427 4719 in
444 4679 631 4733 331333333-
654 4666 706 4719 316
725 4664 898 4733 uctjooctieo
913 4699 946 4706 -
960 4666 1013 4720 329
1031 4667 1194 4733 computate
1212 4690 1244 4701 -
1263 4665 1312 4719 331
1336 4663 1469 4733 montel
1489 4664 1640 4735 uiqmweg

327 4764 476 4831 3339033311]
497 4792 529 4799 -
549 4764 602 4818 332
621 4762 699 4817 caelis
715 4777 731 4817 e
749 4761 1024 4832 quodratntquotemo
1044 4777 1062 4830 g
1081 4765 1215 4830 menterno
1231 4762 1277 4816 lm
1297 4792 1330 4799 -
1349 4763 1402 4818 336
1421 4761 1585 4817 &memo
1606 4792 1638 4801 -

325 4861 378 4916 333
397 4860 527 4916 amno
547 4890 579 4897 -
599 4862 653 4915 see
670 4832 809 4929 mter
828 4861 985 4929 equarum
1007 4889 1040 4896 -
1060 4860 1112 4913 333
1131 4853 1231 4927 ructu
1251 4863 1353 4914 renuo
1373 4888 1404 4897 -
1420 4862 1468 4915 eu
1491 4841 1638 4930 streuui

325 4958 446 5027 adfectae
465 4972 502 5013 m.
