4134 5834
792 629 794 631 ’
856 644 942 704 uroer
960 644 1009 705 ur.
1045 645 1197 707 oro-uo.

479 890 520 936 ooo
533 866 653 931 idcirco
677 869 767 929 tento
789 869 839 929 est
860 885 969 929 rerum
993 863 1155 930 discordia
1177 865 1209 930 iu
1233 886 1325 946 aeuo,

533 980 565 1039 et
588 974 736 1039 subtexta
759 971 853 1035 melis
877 972 962 1036 bono
985 978 1069 1053 sunt,
1094 973 1311 1057 lacrimaeque
1335 979 1515 1058 sequuntur

534 1087 619 1161 uoto,
644 1100 703 1144 nec
726 1078 758 1143 in
782 1084 914 1171 cunctos
936 1085 1046 1144 seruet
1068 1079 1196 1145 fortuna
1220 1086 1380 1162 tenorem3

533 1207 635 1273 usque
657 1185 738 1251 adeo
761 1186 920 1272 permixta
942 1186 1013 1251 fluit
1035 1207 1096 1251 uec
1118 1194 1287 1273 permonet
1310 1208 1446 1273 usquam

533 1295 704 1379 emisitque
726 1293 824 1369 fidem
847 1294 1003 1360 ueriundo
1027 1301 1144 1360 cuncto
1166 1315 1225 1381 per
1248 1296 1361 1361 omnis.

383 1394 386 1399 ⁸
477 1426 518 1470 reo
531 1423 596 1469 uon
619 1400 714 1466 annis
736 1401 813 1466 enni
835 1422 896 1467 nec
919 1422 1047 1467 menses
1069 1401 1234 1467 mensibus
1258 1424 1360 1487 usque

531 1509 738 1591 conueniunt,
762 1529 861 1593 seque
884 1510 953 1595 ipse
976 1508 1046 1576 dies
1070 1510 1234 1595 aliumque
1257 1511 1403 1596 requirit,

530 1618 675 1702 horaque
697 1638 762 1681 non
787 1617 842 1681 ulli
866 1617 979 1683 similis
1002 1617 1190 1704 producitur
1212 1618 1322 1700 horos,

530 1732 677 1812 tempora
700 1723 785 1808 quod
809 1724 929 1790 distant
950 1724 1090 1811 propriis
1112 1726 1259 1812 potentie
1280 1725 1380 1812 siguis

528 1855 587 1920 per
609 1852 761 1898 numeros
784 1832 888 1897 omnis
910 1833 985 1898 aeui
1008 1832 1112 1899 diuise
1135 1834 1286 1916 uolentis,

475 1964 516 2008 555
529 1940 668 2025 talisque
691 1939 974 2005 efficiuotcensus
997 1961 1156 2025 casusque
1180 1942 1354 2025 minentur,

529 2048 638 2132 qualia
661 2053 746 2127 sunt,
769 2068 906 2131 quorum
930 2048 1055 2114 uicibus
1078 2054 1148 2113 tum
1172 2048 1338 2129 uertimnr,
1363 2055 1460 2115 estre.

582 2161 667 2237 sunt,
691 2155 808 2239 quibus
831 2162 863 2221 et
886 2156 967 2221 caeli
989 2156 1119 2242 placeat
1142 2157 1303 2223 noscentis
1326 2156 1367 2223 ab
1391 2163 1474 2240 ortu,

528 2259 646 2335 sidere,
671 2280 769 2343 quem
789 2264 974 2327 memorant
996 2259 1196 2345 horoscopon
1219 2260 1412 2327 inventuros

529 2377 619 2456 perte
643 2371 729 2454 quod
752 2392 792 2436 ex
814 2371 870 2436 illo
893 2370 1087 2437 describitur
1109 2372 1189 2437 hore
1212 2371 1336 2454 diebus,

474 2499 623 2545 uoomne
646 2499 749 2563 genus
773 2477 906 2544 rationis
929 2479 983 2563 ogi
1005 2500 1064 2566 per
1088 2486 1233 2565 temporo
1256 2485 1288 2544 et
1310 2484 1407 2562 astru,

527 2590 560 2649 et
582 2585 687 2670 cupite
710 2606 749 2649 ex
773 2607 837 2651 uno
861 2606 988 2651 menses
1011 2607 1178 2671 annosque
1202 2587 1334 2672 diesque

527 2692 669 2777 incipere
693 2698 789 2776 etque
812 2692 908 2758 hores
931 2693 1080 2778 trudique
1104 2694 1312 2778 sequentibus
1336 2683 1468 2774 ostris}

527 2804 560 2862 et
582 2819 777 2883 quemquem
802 2799 890 2865 socio
913 2806 1088 2866 nascentur
1111 2801 1235 2887 origine
1260 2807 1385 2883 cuncto,

527 2905 672 2971 diuersas
695 2912 805 2971 temen
827 2928 898 2973 esse
921 2907 1020 2989 uices,
1045 2907 1130 2993 quod
1156 2908 1278 2983 tordius
1302 2909 1367 2991 ille,

472 3013 606 3077 mohaec
629 3013 724 3078 citius
747 3021 904 3100 peragant
927 3015 1049 3080 orbem.
1097 3014 1187 3081 uenit
1209 3016 1314 3081 omnis
1336 3015 1378 3082 ud
1401 3023 1523 3081 ostrum

526 3121 607 3186 horu
629 3120 691 3203 die,
714 3121 764 3185 bis
787 3143 898 3187 meuse
922 3122 1001 3205 dies,
1024 3123 1125 3188 semel
1148 3106 1232 3199 uuus
1253 3123 1287 3188 in
1312 3144 1396 3189 enno

526 3229 646 3294 mensis
669 3236 701 3293 et
724 3228 844 3294 exectis
867 3229 916 3295 bis
940 3250 996 3295 sex
1018 3230 1082 3306 iem
1108 3229 1231 3296 solibus
1253 3251 1367 3297 onnus.
1447 3216 1449 3220 ⁸

525 3335 656 3401 difficile
678 3343 727 3401 est
749 3337 782 3401 in
806 3336 892 3402 idem
915 3343 1042 3424 tempus
1066 3358 1257 3404 concurrere
1281 3343 1407 3421 cuncto,
1502 3412 1505 3417 ,

525 3444 621 3509 unius
645 3451 680 3509 ut
702 3443 786 3531 signi
807 3444 930 3531 puriter
952 3445 979 3510 si
1002 3444 1111 3511 mitior
1132 3466 1247 3527 onnus,
1483 3523 1485 3527 μ
1525 3520 1528 3526 ,

470 3552 697 3638 secesperioris
720 3557 797 3638 eget
818 3574 978 3653 mensem3
1002 3553 1029 3618 si
1053 3553 1173 3620 mensis
1197 3553 1230 3619 in
1254 3559 1374 3641 ostrum
1491 3629 1493 3635 ¹
1556 3543 1560 3551 ’

472 3784 524 3839 535
549 3788 657 3840 tontum
675 3781 794 3840 reruml
817 3776 895 3839 tento
911 3766 1005 3840 rerum
1018 3798 1048 3839 m
1072 3813 1104 3821 —
1129 3782 1181 3839 526
1199 3788 1333 3853 sequntur
1344 3798 1373 3840 m
1397 3810 1430 3821 -
1454 3782 1507 3838 538
1529 3800 1614 3853 coquo
1626 3781 1671 3839 lm

364 3895 580 3953 παρωνυμ-
594 3884 646 3937 539
664 3874 776 3953 omnio}
793 3882 946 3950 omniegm
965 3897 1085 3937 omnmo
1103 3910 1135 3918 -
1155 3882 1208 3936 530
1225 3882 1290 3936 onn’
1309 3872 1410 3935 onor‘l
1427 3898 1519 3937 onnus
1537 3883 1672 3950 muoso

364 3981 446 4037 anno
462 3981 572 4043 onum
591 3994 741 4049 equamg
758 4009 791 4020 -
810 3980 859 4034 531
880 3980 970 4049 ipeao
989 3958 1133 4047 rotatur
1151 3978 1306 4047 requerere
1322 4006 1356 4015 -
1371 3978 1423 4033 ser
1441 3996 1496 4034 m
1513 3980 1600 4059 urrrg
1616 3998 1671 4035 non
1786 3961 1790 3967 “

363 4080 439 4136 nulli
450 4077 482 4134 lc
508 4078 618 4134 nonulli
630 4092 659 4131 m
688 4105 721 4115 -·
750 4076 802 4132 533
820 4077 921 4146 quode
947 4077 1078 4132 sistente
1107 4104 1140 4113 -
1168 4076 1220 4131 534
1238 4067 1349 4132 omni-sl
1376 4093 1466 4132 emm
1485 4091 1501 4133 c
1527 4069 1671 4136 wlede!

363 4177 487 4233 uolentes
499 4191 515 4231 c
529 4205 561 4213 -
575 4176 627 4231 535
641 4176 789 4245 talesqueo
808 4187 940 4230 meneoeo
958 4174 1123 4229 ominaretur
1134 4188 1165 4228 m
1177 4205 1211 4215 —-
1223 4174 1275 4229 533
1289 4176 1355 4230 dum
1367 4188 1383 4230 c
1396 4202 1428 4247 ε-
1443 4174 1511 4231 ante
1524 4176 1575 4231 537
1593 4177 1672 4232 ossius

363 4274 436 4344 eqni
447 4275 560 4344 qooqoe
576 4290 667 4329 onnes
677 4275 747 4342 rttg
765 4273 995 4329 ALTERATIO
1010 4271 1135 4329 cvivs.
1150 4271 1272 4327 ulem.
1288 4272 1627 4345 cursoremque.
1641 4274 1669 4330 8.

363 4374 427 4428 tum
439 4372 470 4428 in
484 4373 625 4443 sequente
636 4370 716 4427 lineo
729 4385 833 4427 uersus
848 4369 942 4427 instar
955 4369 1090 4434 (miuusc.
1108 4369 1190 4438 utto:
1208 4371 1266 4426 Aet
1282 4371 1382 4426 menete
1397 4375 1447 4427 out
1465 4371 1522 4426 oio
1537 4376 1586 4427 oet
1602 4372 1670 4428 toro
1710 4391 1712 4396 ·

261 4531 263 4533 ,
362 4471 400 4526 sit
412 4485 441 4526 m
464 4470 495 4525 iu
515 4469 526 4526 l
545 4470 672 4541 spatium
691 4469 816 4526 duarum
834 4469 978 4525 lineorum
1001 4482 1128 4525 uacuum
1148 4466 1292 4535 relictum,
1314 4467 1344 4523 tn
1364 4482 1468 4538 marro:
1491 4469 1580 4525 attero
1597 4470 1670 4525 ratio

283 4547 290 4566 ²
362 4569 409 4623 ee
433 4569 507 4639 oyes
533 4570 646 4638 queque
671 4585 762 4624 annue
788 4573 836 4624 aut
860 4569 961 4624 mooe
986 4572 1035 4623 aar
1060 4562 1127 4623 uera
1149 4570 1199 4621 aut
1222 4567 1279 4621 ore
1299 4567 1337 4621 ut
1366 4594 1397 4605 -
1425 4567 1477 4623 ser
1503 4566 1668 4624 atomum

361 4667 510 4736 ptooeotm
527 4666 637 4721 troroeo
655 4695 691 4704 —
709 4668 762 4722 533
779 4680 888 4735 quomo
906 4666 1095 4737 horoscoporro
1119 4693 1152 4702 —
1177 4664 1228 4720 539
1248 4664 1438 4721 demutare
1461 4693 1494 4701 —
1517 4666 1572 4721 540
1589 4653 1667 4735 oot‘I

362 4766 450 4835 oqirn
469 4764 577 4835 ocitgc
597 4792 629 4801 -
649 4766 698 4819 541
720 4765 822 4834 capito
841 4792 873 4800 -
892 4763 943 4818 542
964 4765 1051 4820 tradit
1068 4775 1121 4818 eo
1138 4789 1173 4799 -
1189 4763 1244 4818 543
1260 4754 1374 4832 spado}
1392 4763 1504 4817 motam
1522 4764 1668 4834 epottogc

266 4932 268 4936 Δ
361 4866 514 4917 noemmtur
526 4875 544 4917 o
557 4891 587 4899 -
603 4863 655 4916 544
675 4863 783 4917 diotone
795 4876 835 4928 gc
849 4890 881 4899 -
896 4862 947 4917 545
965 4862 1032 4916 horo
1051 4858 1131 4932 dicei
1150 4853 1206 4915 dies
1219 4876 1241 4910 u
1255 4888 1286 4897 -
1302 4862 1352 4914 545
1371 4858 1472 4914 solidus
1483 4877 1589 4915 conum
1602 4875 1620 4915 o
1633 4888 1665 4900 -

361 4961 415 5016 543
433 4964 459 5015 et
476 4960 672 5030 corriperiter
689 4961 725 5014 rit
743 4960 843 5014 moute
861 4964 916 5014 eto
933 4957 969 4997 -’-
987 4961 1042 5015 550
1058 4965 1148 5030 uodo.

1453 5061 1455 5066 '
1557 5062 1594 5121 60
1654 5086 1656 5092 .
