4134 5834
819 632 905 688 Liber
924 631 957 688 11.
996 633 1147 688 736-764.

487 848 782 914 dodecatemorium
806 847 900 933 signi.
927 824 1021 933 ⁴post
1044 852 1152 912 cetera
1176 848 1271 911 ducet

487 957 600 1021 ordine
623 977 771 1040 quaeque
794 978 863 1037 suo,
888 955 971 1021 sicut
993 961 1081 1020 stant
1103 963 1191 1020 astra
1212 956 1327 1020 locata.

487 1064 568 1127 haec
591 1084 719 1148 quoque
742 1069 774 1126 te
797 1062 878 1127 ratio
902 1084 943 1127 ne
966 1061 1069 1141 fallat,
1094 1063 1240 1148 perspice
1263 1062 1384 1147 paucis.

488 1170 591 1234 maior
612 1171 644 1233 in
670 1170 785 1234 affeetu
808 1170 914 1233 minor
935 1176 993 1252 est,
1019 1170 1105 1256 quod
1128 1170 1274 1255 partibus
1297 1169 1375 1254 ipsis

433 1301 474 1345 no
487 1278 737 1342 dodecatemorii
760 1273 841 1356 quid
863 1273 917 1356 sit,
942 1275 1029 1357 qood
1053 1274 1177 1341 dicitur
1200 1295 1268 1339 esee

486 1380 777 1447 dodecctemorion.
824 1402 967 1463 namque
990 1381 1027 1446 id
1046 1403 1109 1465 per
1132 1380 1276 1464 quinque
1300 1384 1436 1446 notatur

484 1488 612 1572 partim
636 1510 716 1554 nam
739 1488 874 1553 totidem
892 1488 1110 1573 prcefnlpent
1132 1489 1245 1555 sidera
1268 1488 1366 1571 caelo,

488 1618 571 1679 puae
594 1617 684 1681 capa
707 1595 867 1661 dicuntur
892 1599 1015 1663 ducunt
1037 1606 1069 1663 et
1091 1600 1220 1684 singula
1243 1604 1346 1664 sortes

488 1708 639 1772 dimidias
662 1708 813 1792 uiresque
837 1708 869 1771 in
894 1708 940 1770 eis
964 1713 996 1771 et
1018 1708 1091 1771 iura
1115 1713 1296 1791 capessunt.

435 1814 521 1881 usin
546 1836 750 1900 quocumque
773 1815 873 1899 igitur
896 1815 1008 1879 stellae
1032 1814 1227 1899 quandoque
1250 1814 1375 1879 locatae

488 1922 747 1987 dodecatcmorio
770 1922 901 2000 fuemnt,
927 1928 1074 2007 spectare
1098 1921 1238 1999 decebit;

489 2030 580 2094 euius
603 2030 690 2095 enim
713 2029 862 2094 stellein
885 2030 966 2094 fines
989 2030 1022 2094 in
1047 2030 1152 2093 sidere
1176 2050 1304 2114 quoque

488 2137 645 2209 inciderit,
670 2137 759 2202 dabit
782 2137 915 2202 effectus
938 2138 972 2200 in
996 2137 1121 2202 uiribus
1145 2137 1223 2201 eius.

489 2243 631 2329 undique
655 2244 821 2309 miscenda
844 2251 893 2309 est
915 2245 1009 2325 ratio,
1032 2265 1091 2329 per
1114 2266 1211 2329 quarn
1236 2244 1345 2309 omnia
1368 2249 1525 2309 coustant.

435 2374 475 2418 750
490 2373 603 2416 uarum
628 2352 708 2416 haec
730 2350 891 2436 posterius
914 2353 1045 2437 proprio
1069 2358 1186 2416 cuncta
1209 2352 1322 2416 ordine
1346 2351 1491 2431 reddam,

489 2478 575 2522 nunc
598 2459 675 2522 satis
700 2464 748 2523 est
771 2458 918 2523 docuisse
942 2480 1018 2523 suos
1042 2460 1154 2543 ignota
1176 2480 1235 2543 per
1258 2481 1345 2541 usus,

488 2572 535 2647 ut,
559 2587 633 2631 oum
658 2566 818 2652 perceptis
842 2567 967 2631 steterit
988 2566 1110 2631 fiducia
1131 2565 1296 2648 membris,

489 2674 535 2738 sic
558 2679 661 2738 totum
685 2695 800 2758 corpus
824 2672 910 2738 facili
934 2672 1060 2738 ratione
1085 2679 1222 2753 notetur,

490 2787 522 2845 et
544 2781 627 2844 bene
650 2779 691 2844 de
714 2802 841 2844 summa
864 2781 975 2844 ueniat
997 2788 1071 2866 post
1093 2782 1221 2867 singula
1245 2803 1386 2846 carmen.

435 2910 476 2955 aaa
490 2895 525 2952 ut
548 2887 682 2952 rudibus
705 2889 814 2972 pueris
838 2894 1038 2952 monstratur
1060 2888 1167 2953 littera
1190 2889 1331 2973 primum

488 3017 547 3080 per
570 2994 687 3058 faciem
712 3014 894 3079 nomenque
919 3016 1024 3076 sunm,
1049 3001 1118 3058 tum
1140 2996 1273 3080 ponitur
1296 3017 1391 3077 usus3

491 3109 566 3166 tunc
591 3102 761 3166 coniuncta
785 3102 851 3165 suis
875 3101 1035 3167 formatur
1058 3101 1183 3188 syllaba
1206 3103 1314 3182 nodis3

490 3208 566 3274 hinc
589 3210 679 3275 uerbi
705 3215 866 3275 structura
889 3209 979 3274 uenit
1002 3232 1060 3296 per
1084 3210 1186 3274 uerba
1208 3211 1343 3295 legenti3

490 3323 567 3381 tunc
591 3338 698 3383 rerum
723 3318 808 3382 uires
833 3324 930 3403 atque
954 3320 1032 3383 artis
1056 3319 1195 3383 traditur
1218 3341 1305 3400 usus,

437 3446 612 3510 ceoperque
636 3425 735 3509 pedes
758 3426 906 3510 proprios
930 3426 1099 3491 nascentia
1122 3427 1266 3492 carmina
1289 3432 1440 3511 surgunt3

490 3532 683 3617 singulaque
706 3534 737 3595 in
764 3555 891 3597 summa
914 3534 1046 3619 prodest
1069 3535 1219 3600 didicisse
1243 3535 1367 3619 priora3

491 3661 575 3724 quae
598 3640 660 3703 nisi
684 3640 886 3705 constiterint
908 3642 1021 3726 primis
1045 3642 1180 3705 fundata
1205 3641 1383 3720 elementis,

437 3768 477 3811 ces
492 3746 604 3810 effluat
627 3747 659 3810 in
684 3768 806 3811 uanum
830 3768 937 3811 rerum
962 3754 1189 3833 praeposterus
1212 3748 1301 3828 ordo,

437 3875 476 3919 ces
492 3874 662 3938 ueraeque,
687 3875 770 3939 quae
793 3875 930 3941 propere
954 3855 1102 3919 dederint
1124 3866 1298 3941 praecepta
1322 3856 1482 3940 magistri:

439 4056 492 4112 736
506 4056 744 4111 daodecctemorisa
756 4057 813 4125 lgc
831 4056 1109 4113 duodecctlemoriam
1123 4073 1150 4112 m
1166 4087 1197 4095 -
1213 4057 1264 4113 737
1277 4074 1378 4127 qaoque
1391 4073 1408 4113 o
1423 4076 1471 4114 aco
1485 4060 1562 4114 inest
1574 4059 1603 4114 in
1619 4075 1648 4115 m

332 4172 388 4212 om.
402 4157 461 4226 lgc
483 4155 590 4223 eeletg
613 4154 716 4210 acuto
737 4160 843 4209 acntm
866 4159 975 4210 arante
1001 4185 1033 4193 -
1059 4158 1128 4210 ante
1141 4157 1193 4211 738
1212 4156 1244 4211 de
1262 4155 1515 4212 duodecattemoriio
1530 4172 1559 4211 m
1575 4157 1649 4225 fallit

331 4254 478 4324 vespam
491 4267 519 4307 m
534 4281 566 4289 -
582 4255 634 4308 ao
651 4253 887 4308 reomaense
903 4253 970 4309 ime
989 4252 1274 4322 acuatmoaeg
1291 4235 1364 4323 aaa
1379 4255 1438 4310 sti
1460 4254 1529 4324 quoa
1546 4255 1584 4309 se
1595 4270 1648 4324 gm

331 4352 397 4422 quid
422 4352 490 4406 aitc
520 4380 552 4387 -
582 4354 631 4406 741
662 4351 936 4406 duodecattemoricm
953 4366 970 4408 o
995 4382 1026 4389 -
1053 4354 1106 4407 748
1129 4338 1221 4420 partis
1240 4352 1251 4406 1
1273 4355 1364 4421 partae
1380 4368 1435 4422 gm
1461 4356 1554 4422 portes
1571 4368 1586 4408 e
1614 4383 1649 4391 -
1699 4396 1702 4403 .

332 4454 384 4505 744
396 4449 525 4505 dimidiae
535 4450 609 4503 cirea
621 4449 667 4516 quai
679 4450 709 4503 in
721 4448 787 4503 mec
798 4449 829 4518 lg
847 4449 973 4505 dimidiae
984 4451 1058 4505 cirea
1070 4452 1116 4519 qui
1129 4453 1215 4504 micea
1227 4466 1256 4505 m
1275 4467 1341 4504 aare
1354 4465 1370 4505 o
1386 4485 1421 4491 —
1435 4453 1486 4505 746
1501 4450 1643 4521 duodecem

333 4548 466 4603 umovtol
483 4547 637 4602 duodecimo
651 4548 757 4603 morio
769 4564 799 4603 m
815 4548 921 4616 fuerint
934 4565 953 4618 g
968 4548 1083 4617 {luerint
1096 4548 1154 4602 linc
1169 4578 1201 4585 —
1216 4549 1267 4603 747
1286 4548 1375 4603 socae
1393 4549 1422 4603 in
1438 4548 1494 4616 sine
1511 4550 1595 4604 atate
1610 4581 1642 4589 -

250 4647 262 4696 ’.
333 4650 385 4701 748
403 4645 578 4701 inciderinto
597 4645 762 4701 incitibuae
787 4675 818 4683 -
844 4649 897 4702 750
919 4646 1017 4701 Uemm
1038 4661 1111 4701 corr.
1135 4661 1170 4701 ex
1195 4646 1294 4701 uorem
1307 4661 1336 4701 nr
1360 4648 1525 4716 propr-iorni
1548 4652 1644 4703 anca

334 4760 389 4799 onr.
403 4744 414 4798 1
432 4744 462 4798 in
476 4744 583 4799 lacuna
595 4758 739 4813 superscr.
752 4749 849 4799 cancta
862 4760 918 4800 om.
932 4760 960 4799 m
974 4744 1018 4813 (L)
1033 4772 1066 4781 -
1080 4747 1132 4800 754
1141 4748 1204 4813 post
1213 4745 1320 4815 einpule
1333 4745 1404 4815 lgm
1417 4744 1450 4799 de
1461 4744 1567 4814 stupide
1581 4761 1596 4800 c
1610 4775 1642 4783 —

334 4846 385 4896 758
403 4859 452 4911 per
468 4843 646 4910 feciemlmc
665 4842 810 4911 etfaeieg
827 4843 1026 4912 componimro
1046 4871 1077 4879 -
1096 4845 1148 4897 758
1167 4842 1285 4899 verbine
1302 4860 1352 4913 per
1368 4842 1592 4913 commemo
1610 4878 1645 4885 -

334 4941 522 5009 reoperquod
533 4956 561 4995 m
574 4970 606 4978 —
618 4943 669 4995 787
683 4940 887 4996 comtiteriatm
901 4955 973 4995 corr.
986 4944 1125 4995 exunt-
1139 4939 1308 5008 764etfluct
1319 4941 1328 4994 1
1341 4940 1487 5011 etfluctgc
1500 4941 1644 5010 ctfluetm
