4134 5834
882 608 969 666 Liber
988 608 1010 665 I.
1049 610 1180 665 92-125.

542 826 726 891 consultare
749 826 848 890 fibras
871 832 904 889 et
926 844 1077 910 rumpere
1101 824 1234 890 uocibus
1259 845 1391 909 angues,

543 934 716 998 sollicitare
740 934 870 997 umbras
894 934 1061 1017 imumque
1084 931 1271 995 Acheronta
1294 952 1425 995 mouere

542 1042 575 1104 iu
599 1048 791 1126 noctemque
816 1041 895 1119 dies,
919 1039 953 1103 in
976 1040 1081 1103 lucem
1107 1045 1234 1103 uertere
1257 1044 1377 1103 noctes.

501 1173 528 1215 os
543 1147 653 1212 omnia
677 1148 822 1212 conando
846 1147 959 1212 docilis
983 1146 1126 1212 sollertia
1150 1146 1237 1213 uicit.

543 1277 602 1321 uec
625 1254 714 1340 prius
739 1256 892 1340 imposuit
914 1254 1011 1319 rebus
1034 1254 1198 1338 finemque
1222 1254 1429 1339 modumque,

542 1384 639 1449 quam
664 1362 788 1426 caelum
814 1363 959 1427 ascendit
982 1363 1064 1427 ratio
1089 1362 1237 1447 cepitque
1261 1360 1456 1446 profundam

541 1479 691 1537 naturam
717 1491 824 1534 rerum
848 1477 880 1534 et
904 1491 1017 1535 causas
1042 1470 1186 1553 uiditque
1211 1469 1297 1553 quod
1320 1490 1456 1553 usquam
1482 1475 1543 1532 est:

486 1576 488 1579 ’
542 1578 652 1643 nubila
677 1598 734 1641 cur
757 1584 846 1642 tauto
871 1585 1082 1663 quaterentur
1105 1577 1200 1663 pulsa
1223 1577 1362 1661 fragore,

490 1708 530 1751 roo
542 1685 678 1750 hiberna
702 1686 827 1749 aestiua
851 1686 905 1749 nix
929 1686 1088 1769 grandine
1112 1684 1240 1749 mollior
1263 1690 1358 1766 esset,
1401 1713 1403 1716 ·

543 1792 694 1857 arderent
717 1799 823 1857 terrae
846 1793 1031 1877 solidusque
1056 1797 1267 1856 tremesceret
1287 1791 1387 1873 orbis,

542 1921 600 1965 cur
622 1899 742 1964 imbres
766 1906 908 1980 ruerent,
933 1906 1048 1964 uentos
1073 1920 1156 1983 quae
1180 1919 1279 1962 causa
1301 1903 1457 1977 moueret,

541 2007 681 2093 peruidit
704 2007 864 2092 noluitque
888 2007 1005 2072 animis
1029 2006 1187 2071 miracula
1208 2026 1315 2071 rerum

541 2114 723 2201 eripuitque
747 2114 819 2179 Ioui
843 2115 965 2179 fulmen
991 2115 1143 2200 uiresque
1168 2114 1292 2178 tonanti

489 2244 528 2290 roc
542 2227 574 2286 et
598 2222 737 2286 sonitum
762 2222 868 2287 uentis
892 2221 1060 2301 concessit,
1086 2220 1225 2285 nubibus
1249 2221 1369 2307 ignem.

542 2350 627 2416 qnae
650 2336 821 2416 postquam
843 2331 877 2394 in
902 2329 1049 2416 proprias
1072 2328 1206 2393 deduxit
1229 2329 1358 2414 singula
1380 2349 1505 2410 causas,

542 2436 684 2501 uicinam
709 2437 836 2503 exalto
861 2436 975 2501 mundi
998 2456 1192 2521 cognoscere
1217 2437 1335 2501 molem

543 2543 681 2608 intendit
704 2550 871 2629 totumque
896 2544 1004 2608 animo
1029 2544 1262 2629 comprendere
1286 2543 1426 2621 caelum3

543 2650 754 2736 attribuitque
778 2672 853 2715 suae
876 2651 1008 2732 formas,
1033 2672 1093 2715 sua
1116 2652 1248 2716 nomina
1270 2651 1382 2735 riguis,

490 2779 689 2844 unquesque
714 2759 802 2823 uices
826 2764 961 2843 agerent
984 2765 1072 2823 certa
1095 2760 1155 2823 sub
1179 2764 1265 2823 sorte
1288 2756 1422 2837 notauit,

543 2865 716 2951 omniaque
741 2866 781 2930 ad
806 2887 926 2931 numen
950 2867 1065 2933 mundi
1088 2866 1270 2951 faciemque
1295 2865 1429 2947 moueri,

543 2973 703 3038 sideribus
726 2974 818 3039 uario
842 2974 1042 3039 mutantibus
1067 2974 1178 3039 ordine
1202 2973 1280 3037 fata.

543 3081 604 3145 hoc
628 3080 706 3145 mihi
731 3081 836 3166 surgit
857 3102 939 3167 opus
962 3103 1026 3147 non
1051 3080 1125 3145 ullis
1149 3085 1224 3144 ante
1247 3085 1410 3145 sacratum

544 3189 751 3253 carminibus.
799 3188 911 3254 faueat
933 3208 1052 3274 magno
1076 3188 1207 3253 fortuna
1230 3187 1344 3268 labori,

491 3317 531 3359 nu
546 3317 670 3361 annosa
693 3303 726 3361 et
748 3297 838 3360 molli
862 3297 1028 3380 contingat
1052 3295 1119 3360 uita
1143 3302 1283 3375 senecta,

545 3410 580 3469 ut
601 3404 722 3489 possim
747 3424 856 3468 rerum
880 3409 987 3468 tantas
1010 3424 1178 3488 emergere
1202 3402 1303 3468 moles

546 3531 728 3596 magnaque
752 3531 826 3574 curn
851 3510 961 3595 paruis
984 3509 1081 3575 simili
1105 3531 1294 3595 percurrere
1319 3531 1405 3574 cura.

598 3624 630 3682 et
653 3618 807 3703 quonium
831 3618 920 3683 eaelo
945 3618 1112 3683 deseendit
1136 3639 1266 3683 carmen
1291 3618 1331 3682 ab
1355 3617 1432 3698 alto,

545 3730 578 3790 et
602 3726 693 3790 uenit
715 3726 748 3789 in
773 3731 876 3790 terras
900 3726 1040 3791 fatorum
1065 3725 1211 3790 conditus
1236 3726 1325 3809 ordo,

492 3833 616 3920 noipsa
639 3833 718 3898 mihi
741 3833 883 3919 primum
906 3839 1043 3898 naturae
1066 3833 1172 3897 forma
1195 3833 1340 3897 canenda
1364 3841 1423 3915 est,

546 3941 780 4026 ponendaeque
804 3961 863 4005 sua
885 3947 971 4006 totus
995 3941 1055 4006 sub
1078 3940 1221 4025 imagine
1245 3941 1394 4005 mundus.

546 4069 643 4133 quem
667 4049 737 4113 siue
761 4070 801 4112 ex
825 4048 921 4113 nullis
945 4054 1147 4133 repetentem
1171 4048 1295 4112 semine
1318 4047 1414 4112 rebus

547 4154 646 4219 natali
670 4177 799 4240 quoque
823 4176 919 4241 egere
943 4156 1050 4241 placet
1073 4177 1265 4241 semperque
1289 4156 1389 4219 fuisse

548 4271 579 4326 et
602 4263 672 4328 fore
695 4263 854 4349 principio
878 4263 999 4348 pariter
1022 4264 1155 4348 fatoque
1180 4271 1359 4341 carentem3

495 4393 605 4434 1258911
630 4372 789 4455 permixta
813 4371 910 4436 chaos
934 4393 1043 4436 rerum
1068 4371 1245 4456 primordia
1270 4370 1432 4454 quondam

495 4639 528 4691 97
548 4637 722 4707 profundam
741 4635 810 4705 glm
836 4665 869 4673 -
894 4640 928 4693 98
947 4616 1043 4692 rorarii
1061 4622 1151 4692 reunia
1171 4636 1251 4702 ur(L)
1272 4642 1296 4692 ct
1315 4654 1412 4693 causas
1425 4636 1504 4704 111111)
1524 4640 1614 4693 cauria
1626 4654 1647 4689 a)
1669 4666 1701 4675 -

392 4736 437 4790 101
461 4738 611 4789 temcaceret
630 4748 646 4788 c
666 4737 833 4789 tremesceret
851 4749 880 4789 m
900 4737 1065 4790 trermircerct
1084 4751 1105 4786 a)
1126 4764 1158 4771 —
1182 4736 1230 4788 104
1251 4738 1406 4790 immatr'ae
1431 4764 1463 4771 —
1487 4738 1536 4790 105
1555 4737 1665 4790 solitum
1685 4750 1701 4790 ο

386 4834 565 4887 1101110111-
578 4836 623 4886 111
637 4847 821 4887 πιιηιεπιηιῐῃ
830 4860 862 4870 -
875 4835 924 4887 113
933 4852 987 4887 arun
997 4834 1135 4902 1111118-
1148 4836 1216 4887 aute
1231 4835 1279 4886 118
1292 4834 1335 4888 De
1344 4835 1448 4902 origine
1457 4835 1556 4888 mundi
1566 4833 1599 4902 gl
1608 4848 1657 4888 rue
1669 4863 1700 4870 —

388 4901 449 4995 iil
469 4947 527 4995 ate
546 4945 645 5009 etgm.
