4134 5834
909 600 995 658 Liber
1013 601 1063 658 [ΙΙ.
1101 602 1252 657 201-232.

580 821 667 886 huno
690 819 821 886 fortuna
842 819 950 885 locum
974 823 1084 883 teneat
1106 818 1318 884 subeuntibus
1341 817 1447 898 athlie,

582 927 694 992 ordine
717 932 852 992 naturae
876 927 960 992 sieut
981 932 1057 990 sunt
1079 931 1194 990 ennete
1216 926 1331 990 locate.

634 1034 769 1101 forsitan
793 1040 825 1099 et
848 1056 986 1120 quaeras
1010 1034 1088 1119 agili
1110 1055 1179 1098 rem
1203 1032 1299 1098 eorde
1323 1033 1507 1105 notandam,

582 1164 647 1228 qua
669 1143 793 1207 ratione
817 1163 918 1227 queas
941 1142 975 1206 in
998 1140 1056 1206 tali
1079 1146 1223 1226 tempore
1246 1141 1314 1205 nati

527 1272 568 1317 aas
582 1251 761 1335 exprimere
784 1250 930 1315 inmenso
954 1255 1141 1333 surgentem
1165 1248 1366 1333 horoscopon
1390 1248 1477 1314 orbe.

582 1357 752 1442 quodnisi
775 1357 884 1423 subtili
908 1358 1015 1422 nisum
1038 1355 1163 1422 ratione
1187 1361 1324 1435 tenetur,

582 1464 795 1531 fundamenta
817 1471 917 1530 ruunt
939 1466 1029 1546 artis,
1053 1485 1113 1529 neo
1136 1470 1293 1530 consonat
1315 1464 1405 1544 ordo,

583 1572 768 1639 cardinibus
791 1573 945 1658 quoniam
969 1572 1072 1653 salsis,
1096 1573 1152 1657 qui
1175 1578 1292 1637 eunota
1314 1572 1506 1657 gubernant,

582 1681 737 1746 mentitur
758 1680 876 1746 faeiem
899 1679 1050 1762 mundus,
1075 1700 1134 1744 nee
1158 1683 1285 1744 constat
1307 1678 1407 1763 origo,
1439 1738 1441 1743 .

528 1807 569 1853 aro
582 1786 730 1873 flexaque
753 1794 917 1853 momento
941 1788 1110 1853 uariantur
1133 1787 1239 1852 sidera
1263 1787 1384 1873 templi.

582 1894 639 1959 sed
663 1901 784 1980 quanta
807 1895 924 1960 effectu
948 1916 999 1960 res
1023 1900 1082 1975 est,
1107 1902 1172 1959 tam
1196 1895 1293 1981 plena
1315 1894 1435 1960 laboris

582 2002 729 2067 oursibue
752 2003 893 2067 aeternis
916 2002 1074 2067 mundum
1096 2023 1155 2087 per
1178 2002 1270 2086 signa
1293 2002 1468 2081 uolantem,

583 2116 619 2173 ut
640 2115 742 2174 totum
765 2110 881 2175 lustret
903 2111 1047 2175 ouruatis
1070 2110 1210 2174 arcubus
1233 2109 1355 2191 orbem,
1402 2092 1407 2100 ¹

583 2216 764 2301 exprimere
787 2223 819 2282 et
844 2218 951 2283 uultus
974 2219 1043 2282 eius
1066 2238 1259 2303 componere
1283 2222 1387 2282 certos

529 2347 569 2392 21⁶
584 2345 622 2389 ao
644 2325 754 2390 tantae
777 2326 871 2390 molis
894 2325 1063 2391 minimum
1087 2325 1287 2409 deprendere
1310 2331 1475 2410 punctum,

583 2453 666 2517 quae
689 2453 765 2519 pars
789 2440 935 2498 exortum
959 2433 1012 2497 uel
1036 2455 1119 2518 quae
1142 2432 1273 2518 fastigia
1296 2432 1409 2498 mundi

584 2545 640 2604 aut
662 2538 746 2604 ferat
768 2561 912 2623 occasus,
937 2548 993 2605 aut
1015 2540 1080 2605 imo
1105 2541 1226 2606 sederit
1248 2542 1335 2606 orbe.

584 2667 644 2710 neo
667 2667 719 2711 me
741 2649 894 2732 uulgatae
918 2648 1052 2712 rationis
1075 2648 1230 2734 praeterit
1253 2649 1342 2729 ordo,

584 2775 667 2839 quae
691 2753 784 2819 binas
807 2755 920 2820 tribuit
942 2755 1043 2839 signis
1066 2754 1273 2840 surgentibus
1296 2755 1392 2820 boras

531 2884 571 2926 rao
585 2868 617 2926 et
638 2861 772 2947 paribus
795 2863 907 2949 spatiis
930 2863 1080 2948 aequalia
1104 2863 1221 2948 digerit
1242 2869 1341 2942 astra,

585 2975 621 3034 ut
643 2975 734 3055 parta
757 2970 887 3052 axilla,
911 2992 976 3056 qua
998 2970 1124 3036 Phoebi
1148 2972 1289 3055 eoeperit
1312 2971 1409 3051 orbis,

585 3077 728 3142 discedat
751 3099 904 3144 numerus
928 3100 1152 3164 summamque
1177 3079 1399 3144 accommodet
1422 3078 1526 3160 astris,

584 3185 687 3249 donee
709 3186 879 3270 perueniat
901 3186 1062 3251 nascentis
1086 3194 1213 3272 tempus
1237 3187 1278 3250 ad
1301 3187 1418 3271 ipsum,
1599 3170 1603 3175 ’

586 3298 682 3377 atque
705 3292 761 3357 nbi
785 3293 973 3374 substiterit,
997 3294 1126 3377 signum
1150 3294 1275 3358 dicatur
1299 3293 1384 3358 oriri.

531 3420 572 3463 aas
586 3399 642 3462 sed
665 3400 749 3463 iaoet
771 3399 902 3483 obliquo
926 3401 1092 3484 signorum
1116 3402 1256 3465 circulus
1280 3401 1367 3481 orbe,

585 3511 682 3590 atque
706 3506 770 3571 alia
793 3507 919 3572 inflexis
942 3508 1090 3572 oriuntur
1114 3508 1221 3571 sidera
1243 3509 1407 3587 membris,

585 3619 636 3676 ast
658 3613 721 3677 illis
745 3615 849 3699 magis
872 3621 921 3679 est
944 3622 1051 3680 reatus
1074 3616 1279 3701 surgentibus
1303 3616 1393 3694 ordo,

585 3726 622 3783 ut
645 3720 776 3806 propius
799 3721 892 3786 nobis
915 3723 1047 3807 aliquod
1070 3723 1122 3787 nel
1146 3723 1274 3808 longius
1297 3729 1419 3787 astrum
1443 3730 1500 3787 est.

587 3828 641 3891 uix
664 3828 736 3893 finit
758 3830 846 3894 luoes
870 3852 996 3911 cancer,
1021 3831 1076 3894 uix
1100 3831 1215 3895 bruma
1238 3831 1376 3910 reducit3

533 3959 683 4020 aequam
707 3937 815 4002 breuis
839 3938 894 4002 illa
917 3939 1011 4020 iacet,
1037 3945 1100 4002 tam
1126 3938 1241 4022 longus
1266 3939 1405 4003 circulus
1429 3939 1480 4002 hie
1503 3944 1560 4002 est.

587 4042 666 4106 libra
692 4045 839 4130 ariesque
862 4066 974 4130 parem
999 4045 1139 4109 reddunt
1163 4052 1354 4130 nectensque
1378 4047 1543 4131 diemque;

587 4149 632 4213 sie
656 4150 763 4214 media
786 4154 938 4216 extremis
963 4160 1108 4237 pugnant
1131 4160 1339 4237 extremaque
1363 4155 1506 4217 summis.

535 4334 602 4387 ante
621 4335 673 4388 203
691 4352 742 4402 quo
759 4326 787 4391 ab
805 4331 838 4406 op
856 4338 1048 4405 semnarg
1067 4337 1189 4393 idemin
1204 4338 1368 4406 marginal,
1388 4338 1417 4394 in
1438 4341 1519 4393 textu
1535 4354 1561 4393 m
1582 4339 1690 4406 (eope)
1706 4368 1738 4377 -

428 4432 480 4485 201
498 4430 626 4485 numliao
646 4432 732 4500 (quiae
750 4434 850 4491 natalia
868 4450 940 4490 corr.
960 4450 995 4489 ex
1014 4435 1075 4503 quie
1089 4435 1220 4490 omwmlie
1234 4436 1274 4501 m)
1293 4465 1325 4472 —
1346 4439 1397 4491 205
1416 4439 1564 4492 innwneoo
1580 4467 1610 4474 -
1626 4439 1677 4491 206
1690 4437 1741 4491 aab

426 4527 535 4583 stedieo
550 4556 581 4564 -
596 4530 648 4583 208
666 4527 737 4599 ᾳυἽ
755 4550 804 4600 que
822 4548 849 4587 m
873 4550 941 4600 qtae
958 4548 998 4600 ge
1019 4562 1050 4569 —
1072 4536 1124 4589 210
1143 4540 1274 4588 stramento
1288 4549 1315 4588 m
1344 4567 1375 4574 -
1402 4538 1454 4591 213
1473 4536 1561 4591 Etis
1588 4543 1618 4590 ut
1636 4551 1689 4604 gm
1706 4566 1737 4574 -

427 4627 480 4681 214
502 4625 636 4693 aprima
656 4631 714 4685 eto
738 4664 773 4671 -
796 4632 847 4684 215
869 4633 1089 4699 mmprmsdereg
1114 4660 1145 4668 -
1170 4634 1221 4686 216
1246 4626 1316 4700 q'¹“l
1345 4662 1375 4670 —
1402 4637 1452 4687 211
1475 4636 1619 4703 ausornto
1646 4634 1739 4691 innoc

426 4724 480 4779 imo
496 4740 518 4775 ru
544 4724 634 4780 orbto
668 4755 696 4763 -
724 4730 775 4783 219
802 4728 947 4783 abatibus
970 4744 998 4783 m
1032 4731 1200 4798 serpentibus
1222 4746 1243 4781 o
1274 4748 1334 4785 orae
1353 4748 1368 4787 o
1396 4761 1428 4769 -
1451 4735 1504 4788 221)
1530 4733 1622 4802 spodio
1641 4748 1670 4788 m
1693 4733 1738 4800 (b)

427 4822 527 4892 deperit
539 4838 556 4879 ο
568 4853 601 4861 -
615 4826 667 4879 225
685 4825 773 4880 orben
786 4841 815 4881 m
828 4860 862 4867 —
876 4829 929 4882 228
942 4827 1076 4896 proprius
1089 4827 1097 4881 l
1112 4828 1243 4896 propriso
1257 4844 1283 4882 m
1302 4829 1364 4897 olqd
1376 4828 1432 4897 lgc
1448 4860 1480 4867 -
1497 4834 1548 4885 229
1566 4832 1616 4886 uta
1631 4835 1698 4886 norst
1710 4848 1738 4888 m
1853 4878 1854 4881 ,

427 4920 498 4975 luces
517 4936 572 4976 om.
588 4937 617 4976 m
636 4921 893 4980 numeraremus
915 4959 944 4966 -
966 4927 1018 4981 230
1037 4925 1113 4981 illae
1131 4925 1267 4995 btsptueg
1285 4926 1386 4982 oirmlo
1400 4943 1436 4982 m.
