4134 5834
877 628 963 684 Liber
981 628 1015 684 li.
1053 630 1105 685 348
1116 630 1205 685 -370,

486 870 526 913 ere
542 846 694 932 quocirca
720 868 781 909 non
807 846 911 910 omnis
935 846 1033 910 habet
1058 848 1207 931 genitura
1231 848 1367 932 trigonis
1485 928 1487 933 Ι

486 980 526 1023 :ne
541 976 736 1020 consensum
761 955 872 1039 signis,
898 975 957 1018 nec
981 977 1054 1018 cnm
1080 962 1155 1019 sunt
1177 954 1259 1020 forte
1283 955 1451 1040 quadrata,

541 1064 695 1127 continno
718 1063 803 1126 inter
826 1084 861 1142 sc
885 1068 1017 1126 seruent
1041 1062 1236 1127 commercia
1259 1084 1377 1126 rerum.

540 1172 638 1235 dietat
661 1171 759 1251 enim,
783 1178 891 1255 partes
916 1178 1086 1234 consumet
1108 1170 1195 1235 linea
1220 1172 1331 1252 iustas,

540 1280 741 1342 detractetne
765 1277 897 1341 modum
922 1279 1059 1359 numeri,
1085 1300 1180 1361 quem
1206 1278 1345 1342 circulus
1370 1279 1480 1357 ambit,

541 1408 627 1450 nnnc
651 1387 709 1449 tris
733 1385 865 1463 efficiet,
889 1405 974 1447 nnnc
1000 1391 1152 1468 quattuor
1174 1386 1318 1470 undique
1342 1386 1466 1465 ductus,

486 1519 526 1561 :no
541 1515 622 1578 quos
646 1494 678 1556 in
703 1493 799 1577 plura
822 1493 911 1555 iubet
935 1493 1017 1556 ratio
1041 1494 1217 1575 procedere
1240 1493 1333 1577 signa

540 1601 714 1690 interdum,
739 1621 837 1684 quarn
861 1607 936 1662 sunt
960 1601 1103 1663 numeris
1127 1608 1306 1664 rnenrornta
1329 1622 1388 1685 per
1411 1602 1532 1664 orbem.

541 1708 598 1772 sed
622 1709 718 1791 longe
741 1707 846 1769 maior
869 1707 918 1769 nis
942 1712 990 1769 est
1014 1729 1072 1791 per
1096 1709 1189 1791 signo
1211 1709 1330 1792 trigoni
1365 1751 1367 1755 -

541 1836 639 1900 ‹pnnm
664 1814 781 1898 quibus
805 1819 853 1876 eet
876 1814 987 1877 titulus
1012 1814 1071 1877 snb
1097 1822 1210 1897 quarto
1236 1837 1364 1899 quoqne
1388 1815 1564 1900 quadratis.

541 1922 636 1996 altior
659 1926 708 1985 est
731 1921 845 1984 horunc
871 1928 1032 1984 snrnnroto
1056 1922 1142 1984 linea
1166 1924 1296 2007 templo,

486 2054 526 2092 :ne
542 2030 596 2093 illa
620 2027 724 2112 magis
748 2026 856 2090 nicine
880 2034 966 2090 meat
990 2029 1144 2112 coeloque
1168 2030 1298 2108 recedit,

542 2142 574 2199 ct
596 2135 728 2221 propius
752 2141 855 2199 terras
879 2134 1004 2199 accedit
1028 2136 1116 2199 uisus
1140 2157 1252 2200 eorum

541 2264 681 2328 aeraque
705 2243 860 2306 infectum
886 2249 1012 2306 nostras
1037 2244 1176 2307 demittit
1198 2244 1238 2307 ad
1263 2266 1368 2308 auras.

594 2350 715 2414 debilia
737 2349 869 2413 alternis
892 2350 968 2413 deta
992 2355 1067 2413 sunt.
1091 2353 1284 2414 commercia
1308 2352 1408 2436 signis
1485 2390 1489 2398 ·

538 2464 651 2522 mutua
674 2479 733 2521 nec
758 2478 876 2542 magno
902 2478 1061 2521 consensu
1086 2457 1217 2522 foedere
1240 2464 1383 2537 seruent,

486 2590 526 2632 eoo
540 2566 643 2628 inuita
666 2572 803 2649 angusto
828 2565 914 2649 qnod
939 2564 1025 2629 linee
1048 2565 1188 2629 flectitur
1212 2565 1299 2630 orbe.

540 2693 615 2736 nem
641 2693 713 2736 cnm
739 2692 796 2757 per
819 2672 893 2736 telis
916 2672 1077 2737 feriuntur
1100 2673 1228 2758 singula
1251 2674 1345 2737 limas

537 2780 654 2861 sidera,
679 2788 711 2844 et
734 2781 858 2844 alterno
882 2779 1061 2844 deuertitnr
1085 2781 1223 2864 angulus
1247 2786 1343 2860 astro,

540 2909 660 2973 sexque
684 2909 742 2974 per
766 2887 932 2952 anfractus
956 2893 1111 2952 cernatur
1134 2888 1263 2973 nirgnla
1287 2888 1319 2951 in
1343 2887 1464 2951 orbern.

532 3013 559 3058 'a
583 3001 676 3059 tauro
700 2996 791 3060 uenit
813 2997 847 3060 in
871 3016 1036 3076 cancrum,
1060 3003 1129 3059 tum
1154 2996 1280 3079 uirgine
1304 3000 1390 3058 tacta
1423 3027 1428 3038 ·

485 3127 525 3169 coe
540 3104 688 3187 scorpion
712 3104 908 3187 ingreditur3
933 3102 1077 3186 quinte,
1102 3103 1300 3187 capricorno,
1326 3102 1486 3186 rigentem

540 3217 572 3274 et
595 3212 741 3295 geminos
766 3230 785 3273 a
809 3218 840 3274 te
864 3210 969 3295 pisces
993 3230 1173 3293 auersaque
1198 3211 1280 3272 tauri

539 3318 645 3382 sidera
670 3319 860 3401 contingens
884 3317 955 3380 finit
979 3338 1044 3400 qua
1068 3322 1219 3401 coeperat
1242 3316 1362 3380 orbem.

539 3426 672 3488 alterins
696 3417 812 3488 dnctus
835 3426 925 3487 locus
949 3432 998 3487 est
1021 3445 1079 3508 per
1102 3425 1238 3487 transita
1261 3425 1364 3507 signa,

539 3538 638 3616 utque
663 3537 921 3616 capraemons,
945 3552 1029 3616 qnae
1053 3537 1127 3595 snnt
1152 3532 1230 3595 mihi
1254 3530 1383 3614 singula
1406 3532 1501 3612 dicto,

484 3662 524 3705 :rto
539 3639 674 3703 flexibus
699 3646 731 3703 et
753 3639 888 3703 totidem
912 3639 1026 3703 similis
1050 3640 1086 3701 fit
1109 3638 1250 3702 circulus
1274 3638 1329 3701 illi.

484 3853 537 3907 342
558 3847 698 3922 montel
718 3851 832 3921 monte
849 3866 877 3906 m
898 3851 1015 3920 tricenae
1032 3866 1073 3920 gc
1097 3879 1130 3886 -
1155 3851 1207 3904 343
1226 3852 1395 3916 coneunwtg
1417 3877 1452 3885 —-
1475 3850 1527 3904 344
1542 3849 1695 3916 parterm

377 3965 480 4007 uersus
500 3951 624 4006 318319
649 3948 789 4019 repetitos
813 3950 844 4003 in
869 3949 948 4004 calce
969 3948 1095 4004 subieci:
1119 3949 1171 4003 343
1189 3946 1443 4002 contumacem.
1465 3946 1525 4000 licet
1539 3963 1598 4015 erpo
1618 3948 1698 4017 eiqna

378 4046 504 4118 tripotenti
514 4050 567 4103 344
578 4048 713 4110 dieantur,
723 4051 817 4116 μανία
828 4066 883 4102 non
894 4050 1002 4102 sererent
1012 4047 1059 4100 illc
1073 4046 1190 4115 trigonae
1203 4073 1235 4081 -
1249 4046 1301 4098 345
1315 4034 1411 4097 netem
1424 4043 1435 4098 l
1448 4061 1539 4098 uectem
1553 4059 1581 4099 m
1596 4053 1667 4100 corte
1680 4063 1697 4102 c

375 4147 446 4215 sorte
462 4163 484 4197 ω
509 4176 542 4183 -
566 4148 618 4201 346
637 4148 800 4200 commemo
823 4176 857 4182 -
882 4148 934 4200 347
954 4146 1028 4198 enim
1046 4161 1083 4198 an
1101 4159 1117 4197 o
1133 4142 1258 4211 portien
1286 4170 1318 4178 -
1343 4142 1395 4195 348
1423 4141 1635 4211 detractorem
1661 4173 1694 4181 -

377 4246 429 4300 349
454 4244 505 4299 trie
522 4260 549 4298 m
575 4247 629 4297 trec
645 4260 667 4294 ω
689 4243 820 4311 esfirteto
844 4277 879 4284 —
903 4244 956 4296 350
974 4244 1083 4295 inrecto
1109 4270 1140 4276 --
1160 4241 1212 4294 353
1231 4239 1319 4293 maior
1335 4240 1378 4292 ure
1394 4238 1465 4306 lgm
1487 4238 1607 4307 mesine
1624 4257 1639 4293 c
1661 4273 1695 4280 -

377 4342 430 4397 353
448 4341 624 4411 moraturo
641 4370 676 4376 -—
694 4342 746 4395 354
765 4339 962 4395 erebmctolrnc
980 4344 1143 4404 eammoeg
1160 4371 1194 4378 ω
1211 4338 1263 4391 355
1282 4336 1406 4390 creditrn
1423 4365 1455 4372 -
1472 4336 1523 4391 356
1539 4340 1695 4406 propriuel

376 4441 506 4495 innocui
525 4438 570 4506 (E)
589 4442 682 4492 ratres
694 4454 723 4493 m
741 4439 786 4504 (L)
808 4467 840 4475 —
860 4438 912 4491 357
931 4437 962 4490 in
980 4437 1102 4505 effectum
1118 4434 1162 4489 lm
1182 4434 1327 4488 dimittito
1347 4461 1379 4469 —
1400 4436 1467 4488 ante
1487 4436 1539 4489 358
1558 4435 1589 4488 de
1606 4437 1696 4505 eipnie

377 4547 502 4617 moenie
519 4560 572 4614 gm
600 4546 652 4599 358
675 4545 760 4613 cetico.
781 4545 788 4597 Ι
813 4544 914 4612 diuioq.
935 4558 961 4596 m
983 4542 1028 4607 (E)
1053 4543 1152 4610 deeuaq.
1172 4557 1199 4594 m
1219 4540 1263 4605 (L)
1283 4504 1453 4610 3334439388
1475 4541 1635 4609 nunquan
1660 4574 1694 4582 -

378 4646 430 4701 353
452 4645 563 4711 [eruent
581 4660 595 4696 c
616 4671 647 4679 -
669 4645 717 4697 361
740 4633 870 4711 proficies
889 4641 896 4693 Ι
918 4640 1058 4708 praedulce
1077 4655 1102 4693 rn
1126 4639 1260 4707 pcrtelecg
1280 4653 1294 4690 c
1317 4641 1507 4705 sementino
1530 4639 1604 4693 limes
1621 4658 1638 4693 o
1660 4677 1693 4683 -

378 4744 432 4797 363
453 4741 631 4808 moneantur!
657 4747 809 4794 cenentur
828 4755 855 4794 m
881 4768 913 4776 -
933 4740 986 4792 365
1013 4744 1145 4806 repentem
1165 4752 1191 4789 1n
1214 4765 1245 4772 —
1266 4739 1317 4791 366
1340 4736 1505 4803 enormeque
1522 4739 1634 4791 tanroo
1660 4768 1692 4778 —

378 4841 430 4895 367
449 4843 515 4895 comt
532 4856 584 4907 que
598 4853 626 4893 m
654 4868 684 4875 -
709 4841 761 4893 368
780 4838 892 4892 αἰίεηιίε
910 4837 944 4903 ig
962 4835 1076 4889 alteriue
1095 4849 1146 4887 nrc
1173 4836 1224 4888 368
1244 4836 1295 4886 363
1315 4832 1434 4887 ordirrem
1454 4837 1564 4886 mittant
1581 4833 1637 4902 tog
1659 4866 1692 4874 -

379 4941 433 4994 370
450 4938 548 4992 credie
565 4940 595 4991 in
613 4937 731 4991 circem
744 4936 787 4989 lm
809 4934 906 4990 emilie
924 4934 978 5000 eg
996 4932 1093 4986 eimitte
1111 4932 1148 4986 eit
1161 4949 1175 4984 c
1195 4931 1285 4985 illice.
