4134 5834
372 640 415 703 58
866 634 951 691 Liber
970 634 1003 691 ll.
1042 635 1191 690 rus-797.

479 878 519 921 7ss
533 855 579 919 sic
603 853 682 917 mihi
706 874 763 938 per
785 859 887 917 tetum
911 851 1059 916 uolitanti
1082 852 1225 917 carmine
1249 851 1406 915 mundum

533 968 688 1046 erutaque
712 962 859 1025 absbusa
881 959 1009 1045 penitus
1032 958 1172 1065 caligine
1194 959 1262 1023 fata

533 1069 699 1134 Pieridum
723 1069 865 1132 numeris
888 1068 986 1132 etiam
1009 1066 1175 1131 medulata
1199 1066 1339 1146 canenti,

533 1198 662 1262 quoque
685 1176 765 1240 deus
788 1183 903 1259 regnat
927 1175 1092 1239 reuocanti
1117 1195 1236 1238 numen
1261 1174 1293 1238 in
1318 1180 1397 1253 arte,

532 1306 591 1370 per
613 1291 722 1370 partes
745 1283 893 1348 ducenda
916 1283 1006 1362 tides,
1031 1289 1064 1346 et
1086 1283 1214 1366 singula
1237 1302 1346 1346 rerum

478 1415 519 1458 770
532 1400 608 1456 sunt
630 1392 784 1476 gradibus
807 1390 965 1455 tradenda
987 1391 1065 1471 stris,
1089 1396 1122 1453 et
1145 1411 1218 1453 cum
1242 1389 1350 1454 omnia
1373 1395 1461 1453 certa

533 1501 647 1565 notitia
669 1501 826 1579 steterint,
850 1500 995 1584 proprios
1020 1505 1215 1563 reuocantur
1238 1498 1279 1562 ad
1302 1519 1389 1563 usus.

530 1629 568 1671 ac
592 1609 681 1673 uelut
703 1608 737 1672 in
760 1607 856 1672 nudis
879 1628 953 1671 cum
976 1613 1114 1692 surgunt
1136 1606 1299 1670 montibus
1323 1606 1429 1687 urbes,

534 1715 682 1780 conditer
703 1723 737 1779 et
760 1735 880 1779 uacuos
902 1715 1004 1778 muris
1027 1714 1228 1778 circumdare
1249 1712 1347 1777 codes

533 1821 683 1903 destinat,
708 1829 782 1887 ante
805 1843 921 1887 manns
944 1843 1042 1907 quam
1067 1827 1202 1906 temptet
1224 1820 1371 1886 scindere
1394 1818 1506 1899 fossas,

479 1951 519 1995 775
534 1928 632 1993 uertit
654 1950 749 2014 opus:
773 1930 838 1993 ruit
860 1950 934 1994 ecce
958 1950 1083 2011 nemus,
1108 1929 1271 2013 saltusque
1295 1926 1414 1992 uetusti

533 2037 751 2121 procumbunt
773 2036 939 2121 solemque
963 2058 1095 2115 nouum,
1120 2057 1206 2101 noua
1230 2036 1337 2101 sidera
1361 2039 1510 2113 cernunt;

533 2143 663 2229 pellitur
686 2166 781 2209 omne
804 2146 874 2209 loco
897 2146 1068 2210 uolucrum
1091 2166 1195 2229 genus
1218 2149 1315 2230 atque
1339 2142 1492 2222 ferarum,

534 2253 749 2338 antiquasque
772 2253 884 2318 domos
908 2260 939 2317 et
963 2260 1040 2318 nota
1062 2253 1182 2317 cubilia
1203 2253 1362 2337 linquunt.

534 2366 585 2423 ast
608 2360 663 2423 alii
685 2360 809 2425 silicem
832 2361 866 2425 in
889 2381 999 2425 muros
1023 2365 1055 2425 et
1078 2381 1242 2425 marmora
1264 2358 1390 2443 templis

480 2467 703 2549 estimantur,
727 2467 868 2553 ferrique
891 2470 980 2554 rigor
1002 2490 1061 2554 per
1085 2474 1231 2553 tempora
1254 2472 1330 2531 neta

535 2574 715 2658 quaeritur3
739 2575 813 2640 hinc
838 2583 933 2657 artes,
957 2575 1032 2641 hinc
1057 2576 1162 2641 omnis
1185 2574 1337 2639 conuenit
1359 2594 1445 2637 usus.

535 2688 611 2746 tunc
635 2682 766 2747 demum
790 2684 955 2769 consurgit
979 2705 1070 2769 opus,
1095 2705 1168 2749 cum
1192 2688 1308 2747 cuncta
1332 2685 1513 2767 supersunt,
1547 2728 1549 2732 «

534 2812 576 2855 ne
599 2790 723 2856 medios
746 2799 876 2877 rumpat
898 2813 1011 2857 cursus
1034 2797 1244 2877 praepostera
1267 2812 1359 2854 cura:

534 2898 580 2963 sic
605 2898 684 2964 mihi
708 2900 871 2964 cunctanti
895 2906 1003 2965 tantae
1028 2898 1201 2964 succedere
1225 2897 1302 2963 moli

481 3029 521 3072 res
536 3006 687 3071 materies
709 3007 850 3091 primum
874 3029 983 3072 rerum
1006 3006 1132 3071 ratione
1154 3011 1278 3071 remota

535 3113 693 3178 tradenda
717 3120 776 3195 est,
799 3115 880 3178 ratio
905 3116 946 3179 sit
970 3136 1010 3178 ne
1033 3120 1107 3198 post
1129 3114 1230 3194 irrita,
1255 3133 1338 3177 neue

535 3227 728 3305 argumenta
751 3222 844 3286 nouis
867 3227 1018 3306 stupeant
1041 3222 1207 3286 nascentia
1230 3221 1337 3286 rebus.

589 3350 666 3414 ergo
691 3351 762 3414 age,
786 3329 956 3394 noscendis
979 3329 1125 3393 animum
1148 3350 1304 3414 compone
1328 3347 1478 3413 sagacem

536 3436 732 3515 cardinibus,
756 3437 812 3521 qui
835 3458 895 3522 per
917 3435 1074 3501 mundum
1099 3444 1173 3501 sunt
1197 3442 1349 3522 quattuor
1372 3455 1484 3498 omnes

481 3566 522 3609 rac
536 3543 682 3627 dispositi
706 3564 834 3628 semper
857 3549 1048 3628 mutantque
1072 3543 1216 3608 uolantia
1239 3544 1340 3628 signa.

536 3671 620 3715 unus
644 3651 685 3715 ab
709 3656 822 3716 exortu
846 3651 927 3715 caeli
950 3652 1111 3715 nascentis
1133 3652 1167 3715 in
1191 3651 1311 3730 orbem,

537 3778 602 3842 qua
625 3759 765 3843 primum
789 3765 891 3824 terras
915 3758 1041 3843 aequali
1067 3758 1169 3822 limite
1194 3759 1305 3823 cernit.

536 3866 618 3930 alter
641 3867 681 3929 ab
705 3867 844 3931 aduersa
867 3867 1066 3952 respondens
1090 3867 1229 3930 aetheris
1254 3887 1320 3948 ora,

537 3974 622 4038 unde
646 3972 891 4058 ragumundus
914 3995 1134 4059 praecepsque
1158 3974 1191 4037 in
1216 3979 1337 4038 tartara
1360 3974 1470 4037 tendit.

482 4103 522 4149 ras
537 4081 650 4146 tertius
674 4081 789 4145 excelsi
815 4082 921 4165 signat
944 4082 1083 4166 uestigia
1107 4081 1198 4160 caeli,

537 4209 602 4275 qua
624 4188 770 4254 defessus
794 4189 884 4273 equis
908 4187 1060 4253 Phoebus
1084 4188 1228 4252 subsistit
1250 4187 1373 4252 anhelis

537 4297 741 4382 declinatque
764 4296 850 4361 diem
875 4297 1063 4381 mediasque
1086 4296 1250 4362 examinat
1273 4296 1412 4361 umbras.

484 4567 536 4619 765
555 4563 673 4618 muudil
692 4593 724 4601 —
744 4566 795 4619 766
814 4564 936 4618 obsum
954 4578 969 4617 c
987 4563 1107 4632 culltfflm
1120 4564 1162 4617 lnr
1184 4592 1215 4600 -
1235 4566 1286 4617 787
1305 4561 1447 4617 canendic
1468 4590 1499 4598 -
1519 4564 1568 4614 771
1588 4561 1692 4616 remrein

375 4662 537 4721 utterimm
556 4661 592 4715 ad
610 4678 675 4716 tutu
688 4678 705 4716 0
719 4692 751 4698 -
765 4664 816 4716 779
830 4660 953 4715 incudis
966 4675 994 4714 m
1013 4665 1207 4729 commento
1226 4661 1329 4715 ortecc
1354 4688 1384 4696 —
1411 4662 1462 4714 773
1481 4658 1636 4713 conditura
1658 4688 1691 4697 -
1754 4655 1757 4660 ’

377 4764 430 4818 775
447 4760 559 4816 uertite
577 4789 611 4796 -
629 4762 681 4816 778
697 4760 828 4828 liaqultg
847 4787 879 4795 -
898 4761 949 4812 779
968 4760 1089 4826 templie
1109 4758 1226 4828 (templis
1239 4757 1301 4827 pll)
1320 4787 1352 4794 -
1367 4760 1417 4813 781
1437 4759 1525 4812 emate
1542 4771 1598 4811 om.
1612 4771 1641 4812 m
1657 4786 1690 4795 —

378 4862 446 4917 autc
460 4861 512 4915 788
524 4857 725 4913 de'ecrds'nttua
737 4856 833 4910 mundi
846 4871 898 4924 gm
913 4856 933 4921 (l
948 4855 977 4910 in
992 4858 1095 4925 marg.)
1110 4886 1142 4893 -
1156 4859 1207 4911 789
1225 4863 1281 4911 esna
1294 4856 1329 4924 lg
1344 4885 1375 4892 —
1390 4858 1440 4909 792
1458 4855 1504 4925 qai
1517 4870 1536 4923 g
1554 4871 1607 4922 qim
1620 4869 1642 4906 ω
1656 4886 1691 4897 -

379 4961 430 5015 794
448 4957 664 5027 peincepquem
681 4970 887 5025 praecepsque
907 4983 939 4991 -
960 4956 1010 5009 795
1031 4954 1172 5024 ambico
1194 4983 1223 4998 ν
1246 4957 1297 5009 796
1317 4971 1397 5022 queo
1415 4952 1533 5008 letrau.

378 5193 441 5202 ...ι-ι...
