4134 5834
792 631 877 688 moer
898 631 931 688 u.
967 607 1119 688 aer-eea.

456 850 574 916 finibus
597 850 630 913 in
655 849 793 934 propriis
815 854 848 912 et
870 848 1108 934 praetereuntia
1133 848 1220 933 cogit

457 979 527 1022 esse
550 958 599 1022 sui
622 958 732 1034 moris,
757 958 848 1021 uario
872 978 958 1021 nuno
982 957 1075 1020 diues
1098 956 1230 1036 honore,

458 1086 543 1129 nnnc
567 1066 695 1147 sterilis,
719 1086 859 1150 poenam
882 1065 1058 1130 referentia
1081 1065 1188 1129 sidera
1211 1064 1305 1129 sedis.

455 1194 538 1259 quae
561 1194 659 1258 super
682 1179 828 1237 exortum
853 1180 943 1253 est-a
967 1193 1093 1237 summo
1117 1172 1213 1236 tertia
1236 1171 1336 1251 caelo,

403 1304 443 1346 aas
456 1280 569 1345 infelix
592 1280 681 1365 regio
705 1281 866 1364 rebusque
889 1280 1022 1343 inimica
1044 1278 1161 1344 futuris

457 1394 490 1451 et
512 1388 591 1452 uitio
615 1386 754 1452 fecunda
777 1388 887 1466 nimis3
912 1408 971 1451 nec
996 1387 1074 1468 sola,
1099 1386 1155 1450 sed
1178 1387 1225 1451 illi

457 1516 516 1580 par
539 1496 609 1577 erit,
634 1494 771 1560 aduerso
797 1515 880 1579 quae
904 1494 1006 1578 fulget
1029 1495 1135 1559 sidere
1159 1494 1251 1559 sedes

457 1604 566 1667 innota
589 1602 649 1667 sub
673 1623 801 1682 occasu,
825 1623 885 1666 nec
909 1608 1053 1687 praestat
1076 1602 1207 1666 cardine
1231 1601 1353 1667 mundi.

457 1717 593 1796 utraque
615 1715 785 1795 praetenta
807 1709 911 1775 fertur
934 1710 1059 1774 deiecta
1082 1710 1191 1789 ruina3

403 1840 443 1883 sm
457 1839 513 1882 ora
536 1817 657 1882 laboris
680 1818 755 1896 erit;
780 1817 1002 1881 scandendum
1026 1824 1075 1889 est
1099 1822 1195 1902 atque
1216 1817 1409 1881 cadendum.

457 1946 516 1989 neo
540 1924 654 1989 melior
676 1946 774 2010 super
798 1946 930 1990 occasus
954 1931 1130 2010 contraque
1154 1925 1214 1989 sub
1239 1932 1310 1990 ortu

456 2055 525 2098 sors
549 2033 656 2117 agitur
678 2033 800 2097 mundi.
848 2054 1004 2118 praeceps
1027 2032 1118 2115 haec,
1143 2033 1199 2097 illa
1222 2054 1360 2118 superne

456 2140 602 2225 pendens
625 2147 681 2205 aut
704 2141 818 2205 metuit
840 2142 947 2205 uioiuo
971 2141 1104 2206 cardine
1127 2141 1237 2221 finem,

457 2255 513 2313 aut
536 2247 686 2312 fraudata
708 2249 810 2313 cadet.
858 2252 972 2313 merito
996 2248 1163 2335 Typhonis
1185 2249 1345 2314 habentur

403 2355 639 2420 abhorrendae
662 2357 765 2438 sedes,
790 2376 887 2440 quem
911 2355 1006 2420 tellus
1030 2378 1129 2421 saeua
1152 2355 1305 2441 profudit,

457 2486 556 2549 quum
582 2464 702 2528 bellum
727 2465 815 2529 caelo
839 2463 975 2549 peperit,
999 2486 1061 2528 nec
1083 2471 1187 2529 matre
1210 2466 1352 2530 minores

458 2573 650 2636 exstiterunt
672 2578 793 2658 partus.
841 2574 898 2637 sed
921 2573 1058 2638 fulmine
1081 2594 1192 2637 rursus
1215 2574 1248 2637 in
1274 2574 1373 2638 altum

458 2679 624 2765 compulsi,
649 2685 839 2765 montesque
863 2700 961 2765 super
983 2679 1110 2744 rediere
1133 2681 1295 2761 cadentes,

457 2786 553 2851 cessit
576 2794 608 2850 et
630 2787 664 2851 in
688 2787 848 2852 tumulum
872 2788 949 2853 belli
972 2788 1124 2873 uitaeque
1148 2787 1330 2874 Typhoeus.

403 2894 527 2978 aecipea
550 2895 660 2959 tremit
683 2901 787 2959 meter
809 2896 977 2980 flagrantis
999 2902 1109 2960 monte
1133 2897 1193 2961 sub
1217 2896 1332 2961 Aetne.

456 3008 490 3065 at
513 3023 596 3087 quae
619 3002 774 3088 fulgentis
797 3003 943 3088 sequitur
964 3003 1095 3087 fastigia
1119 3002 1200 3067 caeli

457 3111 614 3194 proxima,
638 3132 702 3175 non
726 3112 789 3196 ipsi
813 3111 915 3191 cedat,
941 3112 997 3197 qui
1019 3111 1167 3196 fungitur
1190 3117 1292 3191 astr03

457 3238 513 3302 epe
537 3218 651 3281 melior
673 3218 880 3304 palmamque
903 3225 1016 3304 petens
1041 3218 1222 3303 uictrixque
1244 3219 1388 3302 priorum

458 3326 553 3390 altius
573 3327 721 3412 insurgit,
747 3348 893 3392 summae
918 3347 1025 3391 comes
1050 3327 1161 3391 addita
1183 3326 1272 3407 finis3

403 3455 443 3500 888
457 3434 489 3497 in
514 3434 670 3519 peiusque
694 3442 827 3499 manent
850 3456 973 3513 oureus,
997 3455 1058 3498 neo
1080 3441 1159 3498 uota
1181 3442 1362 3519 supersunt.

457 3541 609 3625 quocirca
631 3542 764 3606 minime
787 3542 915 3620 mirum,
940 3543 966 3606 ai
989 3543 1137 3626 proxime
1160 3562 1286 3605 summe

457 3655 554 3733 atque
578 3649 692 3713 eadem
717 3649 851 3714 inferior
874 3649 1062 3713 uenerando
1086 3654 1172 3712 sorte
1196 3648 1331 3730 dicetur,

457 3758 509 3820 cui
533 3756 644 3821 titulus
667 3757 754 3821 felix.
803 3778 936 3821 censum
959 3758 1005 3820 sic
1029 3757 1177 3840 proxima
1201 3755 1319 3820 Graiae

456 3872 568 3929 nostra
591 3866 677 3930 subit
700 3865 830 3950 linguae
854 3864 1016 3947 uertitque
1041 3885 1060 3926 a
1083 3863 1213 3927 nomino
1237 3884 1364 3928 nomeu.

403 3995 444 4036 seo
457 3972 603 4059 Iuppiter
627 3973 686 4038 hac
711 3972 845 4038 habitat.
893 3972 1044 4036 fortunae
1068 3970 1164 4034 crede
1187 3972 1321 4054 regenti.

456 4080 531 4144 huic
555 4082 588 4145 in
612 4102 802 4167 peruersum
827 4079 942 4144 similis
965 4079 1092 4142 deiecta
1115 4078 1174 4142 sub
1198 4078 1276 4143 orbe

456 4190 585 4273 imaque
610 4189 768 4254 submersi
794 4186 983 4271 contingens
1007 4185 1145 4250 fulmina
1169 4186 1290 4267 mundi,

404 4378 456 4431 888
474 4390 675 4444 maereo
697 4374 892 4444 88888138
914 4371 1033 4439 ferocia
1052 4387 1079 4425 m
1098 4372 1207 4439 octog
1227 4403 1258 4412 -
1279 4360 1395 4428 88881
1421 4404 1452 4412 -·
1482 4376 1534 4430 ees
1560 4392 1612 4429 888

292 4474 477 4543 mango
493 4470 908 4542 8889888188-81088181
922 4473 1039 4525 orbsmc
1056 4484 1133 4538 orcg
1150 4499 1181 4507 —
1196 4470 1397 4539 8788891888
1413 4489 1562 4542 casamo
1576 4507 1611 4514 -

297 4571 612 4640 Sttsmudolaeudatm
625 4570 993 4626 -8118818188181888888
1004 4583 1031 4622 m
1048 4568 1315 4637 -8188889818118
1331 4598 1364 4607 -
1380 4573 1432 4626 879
1443 4570 1611 4639 1191888818]

297 4669 462 4739 1991888889
485 4698 519 4707 -
543 4672 597 4725 880
616 4649 798 4738 1889888181
823 4666 970 4738 1889188188
989 4682 1018 4721 m
1049 4666 1098 4721 8888
1122 4667 1211 4722 Aetna
1234 4682 1290 4722 om.
1310 4684 1329 4736 g
1352 4697 1385 4705 —
1410 4671 1459 4724 881
1486 4670 1573 4739 ,419888
1595 4685 1611 4726 0

295 4766 1039 4839 881819881818818198811898188181988188888188
1065 4794 1097 4802 -
1121 4767 1173 4820 882
1192 4782 1290 4822 noum
1313 4783 1396 4822 88888
1415 4796 1449 4805 -
1466 4767 1612 4836 91888889

294 4868 450 4935 9888888888)
465 4863 1254 4934 -884188888-8871818888808888888888-888
1271 4865 1366 4934 quodo
1383 4865 1610 4935 8809888818-

210 5008 213 5014 .
297 4968 348 5018 889
367 4966 519 5035 uirtutique
532 4983 548 5020 o
571 4996 601 5003 -
622 4969 674 5020 8811
693 4967 769 5021 hoco
787 4966 891 5021 credere
906 4964 1010 5034 988188
1031 4992 1064 5000 -
1084 4964 1136 5017 898
1155 4966 1304 5035 8881889881
1320 4965 1443 5033 fulmina
1457 4979 1481 5018 o.
1507 4992 1511 4998 -
