4134 5834
918 610 1005 667 Liber
1022 608 1071 667 IV.
1108 610 1258 667 567-565.
1308 675 1310 680 Ι
1418 602 1421 608 ’

593 834 649 899 1115
672 833 756 919 patri
780 831 928 918 natisque
950 852 1037 909 reus,
1061 850 1142 915 quas
1165 828 1287 914 ceperit
1308 827 1389 913 ipse,

594 963 659 1006 non
682 941 804 1027 legabit
826 962 904 1026 opes
928 958 1127 1023 censumque
1150 937 1311 1022 inmergat
1331 936 1365 1000 in
1389 934 1468 1021 ipso.

594 1055 684 1114 tanta
707 1049 811 1114 lomes
834 1048 1044 1132 animumque
1067 1045 1131 1112 cibi
1154 1051 1220 1109 tam
1243 1044 1315 1108 dira
1337 1042 1454 1128 cupido

539 1180 580 1225 555
594 1157 736 1242 corripit,
761 1162 797 1220 ut
819 1156 926 1241 capiat
949 1159 1053 1219 semet
1075 1175 1136 1218 nec
1159 1152 1321 1238 compleat
1343 1170 1514 1243 umquam;

595 1267 693 1352 inque
716 1262 830 1351 epulas
853 1265 951 1329 funus
974 1261 1102 1348 rediget
1123 1261 1328 1348 pretiumque
1351 1258 1501 1344 sepulcri.

648 1373 790 1459 Erigone
813 1393 961 1459 surgens,
986 1392 1070 1456 quae
1092 1369 1176 1435 rexit
1198 1368 1330 1434 saecula
1351 1367 1459 1453 prisca

594 1482 717 1546 iustitia
739 1502 916 1566 rursusque
939 1478 1054 1545 eadem
1077 1477 1219 1543 labentia
1241 1477 1335 1561 fugit,

595 1588 660 1653 alta
683 1611 741 1676 per
764 1589 936 1674 imperium
960 1587 1081 1653 tribuet
1103 1585 1234 1671 fastigia
1256 1604 1417 1649 summum

542 1703 819 1784 mercatoremque
842 1697 933 1762 dabit
953 1697 1064 1781 legum
1087 1694 1231 1779 iurisque
1254 1691 1373 1757 secreti
1451 1756 1453 1761 .

597 1810 709 1869 sancta
730 1804 887 1890 pudicitia
909 1804 1060 1869 diuorum
1084 1801 1206 1888 templa
1230 1801 1399 1866 colentem.

650 1911 706 1976 sed
731 1933 804 1976 oum
829 1912 1033 1977 autumnales
1056 1914 1233 1996 coeperunt
1254 1928 1387 1992 surgere
1410 1904 1534 1985 chelae,

598 2017 675 2082 felix
697 2024 835 2104 aequato
858 2020 988 2105 genitus
1011 2017 1071 2083 sub
1094 2016 1238 2103 pondere
1260 2014 1376 2080 librae!

597 2125 692 2189 iudex
716 2147 852 2191 examen
875 2127 967 2192 sistet
989 2126 1142 2210 uitaeque
1165 2124 1319 2209 necisque

545 2254 586 2298 555
600 2232 807 2319 imponetque
830 2235 942 2320 iugum
966 2234 1061 2299 terris
1084 2233 1237 2318 legesque
1260 2230 1397 2316 rogabit.

599 2339 691 2404 illum
714 2340 811 2407 urbes
833 2347 866 2406 et
888 2363 991 2428 regna
1012 2346 1152 2406 trement
1174 2344 1320 2424 nutuque
1342 2340 1496 2422 regentur

600 2448 706 2528 unius,
730 2454 763 2512 et
785 2449 866 2513 caeli
888 2455 962 2534 post
984 2454 1087 2513 terras
1109 2448 1182 2513 iura
1205 2445 1391 2511 manebunt

657 2555 802 2642 scorpius
825 2562 988 2621 extremae
1012 2577 1086 2619 oum
1109 2554 1192 2620 tollit
1213 2554 1337 2619 lumina
1360 2551 1495 2632 caudae,

601 2663 627 2727 si
652 2663 724 2749 quis
748 2664 810 2728 erit
832 2664 932 2730 stellis
956 2674 1024 2729 tum
1049 2661 1301 2748 suffragantibus
1325 2666 1423 2741 ortus,

547 2791 587 2834 555
601 2769 735 2836 urbibus
759 2771 892 2858 augebit
914 2778 1016 2837 terras
1040 2772 1222 2858 iunctisque
1244 2769 1390 2834 iuuencis

600 2879 729 2943 moenia
751 2879 937 2945 subcinctus
960 2901 1061 2946 cumo
1085 2879 1246 2944 describet
1266 2882 1384 2959 aratro,

602 2990 658 3048 aut
680 2990 802 3051 sternet
822 2988 944 3073 positas
968 2987 1065 3052 urbes
1086 2987 1186 3072 inque
1209 3006 1291 3050 arua
1312 2984 1445 3051 reducet

603 3093 721 3176 oppida
743 3100 775 3159 et
799 3096 831 3159 in
856 3094 1005 3160 domibus
1028 3101 1172 3159 maturas
1196 3092 1309 3158 reddet
1332 3092 1463 3171 aristas3

604 3204 692 3265 tanta
715 3202 775 3266 erit
798 3209 831 3266 et
853 3204 956 3267 uirtus
980 3209 1108 3267 etcum
1132 3202 1251 3266 uirtute
1274 3205 1425 3287 potestas.

548 3328 589 3371 555
655 3329 715 3372 nec
739 3331 803 3374 non
827 3310 1009 3375 arcitenens
1031 3311 1137 3395 prima
1160 3330 1233 3373 oum
1257 3315 1348 3373 ueste
1370 3307 1520 3391 resurgit,

603 3422 734 3499 pectora
759 3416 845 3481 clara
868 3418 958 3483 dabit
980 3417 1065 3481 bello
1090 3417 1281 3501 magnisque
1305 3414 1475 3502 triumphis

605 3524 814 3608 conspicuum
837 3526 959 3611 patrias
983 3525 1141 3589 uictorem
1164 3523 1261 3588 ducet
1283 3524 1324 3587 ad
1347 3546 1448 3605 arces,

604 3629 733 3716 altaque
757 3653 842 3697 nuno
866 3639 986 3698 statuet
1007 3653 1094 3698 nunc
1117 3632 1204 3696 idem
1227 3632 1355 3696 moenia
1378 3638 1491 3697 uertet.

605 3737 661 3801 sed
685 3739 820 3804 nimium
845 3741 1017 3828 indulgens
1040 3740 1138 3806 rebus
1161 3740 1292 3804 fortuna
1314 3740 1463 3805 secundis

550 3866 590 3909 555
604 3845 729 3912 inuidet
751 3848 784 3912 in
808 3849 892 3914 lacis
916 3849 1084 3935 saeuitque
1108 3846 1286 3934 asperrima
1309 3846 1415 3912 tronti.

552 4052 605 4106 538
632 4051 808 4121 lopecitlcm
836 4053 964 4124 kpobitg
987 4068 1178 4123 ceammqwg
1201 4067 1363 4121 retorqueo
1386 4049 1567 4121 inmergetlg
1591 4045 1760 4146 iomerpitm

444 4112 1761 4221 555315555355555555-56955555-541555155555555515555555555555555555551

446 4246 896 4359 55555553-545165595555551
922 4250 1048 4320 5559555555
1061 4266 1150 4306 m-
1180 4249 1232 4304 544
1252 4247 1436 4304 tribuito-
1467 4249 1518 4303 547
1538 4253 1588 4302 5555
1607 4249 1636 4301 tu
1654 4245 1761 4312 maog

444 4343 516 4397 obolo
528 4359 613 4399 m-
639 4345 690 4400 549
709 4327 863 4405 eatr'dlieol
887 4352 1048 4418 5555555553
1070 4352 1198 4403 5555555555
1211 4363 1239 4403 m
1262 4351 1410 4403 5555555555
1431 4345 1624 4417 5555555551-
1645 4345 1698 4400 550
1717 4359 1760 4398 ro

443 4429 537 4511 95ὺί11
554 4443 765 4512 55955ὺί5555-
781 4449 830 4501 551
846 4445 982 4516 555155555551
998 4450 1203 4516 notuchoegm
1221 4449 1365 4516 5555555555
1380 4450 1539 4516 percnturg
1555 4450 1733 4543 5595555555)Ιο
1727 4473 1759 4482 -

446 4541 498 4595 553
525 4534 674 4597 555νᾶ5551
702 4546 859 4624 catranoeg
886 4549 1022 4600 5555555555
1042 4561 1068 4600 m
1097 4552 1262 4600 5555555555
1291 4545 1361 4599 tollet
1377 4560 1406 4599 m
1432 4545 1533 4600 caedue
1550 4561 1602 4615 gm
1631 4514 1761 4601 claudltl

446 4638 547 4693 51555555
560 4654 622 4694 5
592 4604 688 4697 —555
707 4606 851 4700 5555551551
870 4637 1014 4713 5555555555.
1027 4659 1103 4700 m-
1118 4646 1169 4698 556
1192 4634 1281 4699 Meni
1294 4643 1342 4698 sub
1354 4643 1467 4699 55555551
1489 4642 1720 4698 Mocnisabcinctir
1732 4657 1761 4698 m

446 4738 550 4792 55555555
561 4754 602 4808 gc
620 4740 668 4795 5555
680 4741 804 4812 ,55555553
821 4743 869 4798 cub
881 4742 983 4797 55555555
995 4757 1011 4797 5
1025 4772 1057 4780 —·
1072 4744 1123 4798 557
1143 4743 1237 4798 6515551
1257 4742 1335 4797 urbes
1347 4758 1387 4812 gc
1406 4742 1479 4797 orbec
1492 4757 1521 4796 m
1535 4775 1567 4783 —
1581 4743 1633 4796 558
1647 4731 1760 4795 rcddltl

447 4835 537 4891 reddit
546 4852 574 4893 m
587 4838 679 4894 reddet
688 4856 728 4908 gc
743 4870 773 4878 -
788 4841 841 4897 560
853 4833 987 4909 resurpltl
1001 4843 1148 4909 5555555555)
1161 4871 1194 4879 -
1208 4842 1260 4896 569
1273 4840 1346 4896 ducit
1355 4839 1388 4894 lc
1401 4840 1477 4895 ducet
1487 4853 1506 4908 g
1518 4838 1604 4894 uictor
1613 4838 1761 4895 roducctm

450 4963 480 4972 -
502 4938 554 4990 563
573 4940 706 5006 5551555555
725 4939 823 4993 statuit
835 4954 856 4990 55
875 4942 993 5012 55555555
1012 4941 1130 4994 ueruto
1149 4969 1182 4977 -
1203 4942 1254 4995 565
1273 4940 1308 4993 ad
1326 4939 1458 5016 speretmu
1472 4953 1508 4992 m.
