4134 5834
808 1386 949 1464 LIBER
976 1386 1218 1481 Quamuis,

518 1640 613 1763 Quid
638 1679 703 1737 tam
727 1672 872 1739 sollicitis
896 1673 996 1738 uitam
1020 1674 1241 1739 consumimus
1263 1675 1358 1740 annis

520 1787 772 1865 torquemurque
793 1787 882 1845 metu
905 1802 1066 1865 caecaque
1089 1781 1241 1867 cupidine
1263 1803 1372 1846 rerum

519 1888 724 1972 aeternisque
747 1910 840 1953 senes
863 1888 960 1970 curis,
984 1888 1061 1953 dum
1086 1889 1271 1975 quaerimus
1294 1911 1423 1971 aeuum,

519 1995 684 2081 perdimus
707 2002 740 2060 et
761 1996 850 2061 nullo
873 2003 1022 2062 uotorum
1046 1998 1112 2062 fine
1135 1996 1221 2062 beati

492 2102 662 2169 saicturos
686 2103 812 2188 agimus
835 2125 963 2189 semper
985 2125 1046 2169 uec
1069 2104 1211 2170 uiuimus
1233 2104 1409 2190 umquam?

520 2210 756 2297 pauperiorque
779 2211 873 2277 bouis
896 2212 1033 2298 quisque
1057 2218 1116 2295 est,
1140 2234 1204 2298 quo
1228 2213 1322 2298 plura
1344 2212 1489 2298 requirit,
1566 2208 1568 2212 ⁴

520 2339 580 2383 nec
604 2319 691 2404 quod
714 2320 813 2385 habet
835 2328 994 2402 numerat,
1018 2326 1144 2385 tantum
1169 2320 1255 2404 quod
1278 2342 1343 2386 nou
1366 2320 1465 2385 habet
1487 2327 1585 2404 optat.

520 2447 659 2511 cumque
682 2427 732 2492 sui
754 2448 874 2513 paruos
897 2450 975 2493 usus
998 2434 1116 2494 natura
1138 2434 1297 2513 reposcat,

520 2534 690 2600 materiam
713 2536 867 2601 struimus
889 2557 1029 2621 magnae
1053 2559 1112 2624 por
1134 2542 1212 2602 uota
1235 2537 1348 2601 ruinae

483 2641 745 2728 rolnxuriamque
768 2643 866 2708 lucris
889 2644 1026 2709 emimus
1050 2644 1193 2730 luxuque
1217 2644 1357 2728 rapinas,

521 2754 554 2813 et
575 2770 738 2814 summam
761 2752 877 2816 census
900 2752 1040 2837 pretium
1064 2758 1113 2817 est
1134 2752 1301 2817 effundere
1324 2773 1467 2817 censum.

502 2850 644 2948 J‘soluite,
669 2857 833 2937 mortales,
856 2858 981 2923 animos
1004 2879 1164 2944 curasque
1187 2859 1294 2924 lenate

520 2971 631 3049 totque
655 2964 866 3051 superuacuis
889 2964 991 3029 uitam
1014 2965 1142 3051 deplete
1167 2966 1328 3050 querellis.

522 3071 589 3136 iata
610 3079 729 3157 regunt
751 3072 873 3155 orbem,
897 3079 985 3138 certa
1008 3079 1095 3138 stant
1117 3074 1227 3138 omnia
1249 3073 1330 3157 lege,

482 3201 509 3245 rs
522 3179 684 3265 longaque
707 3201 766 3265 per
788 3185 892 3245 certos
916 3180 1086 3266 signantur
1109 3186 1256 3265 tempora
1279 3201 1384 3245 casus.

521 3292 691 3352 nascentes
713 3286 880 3369 morimur,
903 3288 1042 3374 finisque
1065 3288 1107 3353 ab
1131 3288 1256 3372 origine
1279 3288 1407 3373 pendet.

522 3392 596 3458 hiuo
620 3399 652 3458 et
675 3415 752 3480 opes
776 3401 808 3460 et
829 3417 932 3483 regua
954 3398 1069 3479 fluunt,
1093 3403 1126 3462 et
1148 3395 1277 3483 saepius
1301 3401 1372 3460 orta

471 3645 484 3697 1
503 3641 534 3698 in
546 3657 636 3713 marg.
651 3644 756 3714 Incipit
771 3644 822 3701 lib.
830 3644 886 3702 1111
899 3645 909 3701 l
923 3650 964 3714 (m
974 3647 1044 3714 rec)
1061 3675 1091 3685 -
1102 3648 1123 3701 'i
1138 3648 1360 3716 Torqacmnrqnc
1371 3658 1445 3701 corr.
1458 3657 1493 3699 ex
1511 3632 1676 3714 Torqacnlg

296 3786 300 3795 .
362 3738 474 3801 (littera
492 3755 553 3796 nna
571 3743 638 3811 post
657 3747 668 3798 t
686 3742 781 3811 erasa)
805 3770 838 3781 —
861 3748 1031 3816 taquamg
1053 3773 1089 3782 —
1112 3747 1128 3800 6
1147 3746 1230 3814 quio
1253 3773 1287 3783 -
1309 3742 1418 3813 ingla
1440 3743 1509 3812 post
1532 3756 1574 3797 rs.
1592 3742 1608 3795 9
1633 3757 1676 3798 sc·

362 3841 493 3910 quantur
506 3854 564 3895 vss.
577 3841 616 3896 ric
632 3842 705 3896 inter
718 3842 816 3898 donuae
827 3841 877 3910 (IV
891 3843 955 3910 314)
975 3872 1008 3882 -
1027 3856 1131 3899 versus
1145 3843 1267 3898 10-313
1286 3840 1479 3898 inueniuntur
1497 3840 1528 3896 in
1546 3839 1622 3897 libro
1635 3839 1675 3897 111

362 3939 429 4007 post
441 3939 494 3993 333
512 3940 623 3994 unicino
636 3940 736 3994 tritura
753 3941 809 3996 etc.
834 3940 865 3997 in
877 3955 970 4011 marg.
984 3940 1022 3997 ad
1034 3940 1074 3997 Ill
1087 3941 1140 3996 313
1157 3939 1180 3995 l:
1200 3941 1257 3996 Hic
1273 3940 1346 3996 male
1363 3943 1402 3995 cst
1419 3940 1549 3995 ordinata
1568 3940 1678 3995 amin:

361 4037 409 4092 sed
424 4037 451 4093 ri
466 4038 512 4093 uis
528 4038 651 4092 ordinem
668 4038 727 4092 cias
744 4042 847 4093 rectum
865 4040 984 4110 reperire
1000 4043 1132 4095 memento
1148 4056 1210 4094 eum
1222 4055 1275 4109 per
1285 4039 1410 4094 ordinem
1421 4038 1538 4107 olsoteti
1549 4055 1678 4107 quaerere
1725 4019 1731 4031 ’

362 4152 414 4203 qno
436 4153 498 4191 nrm
522 4136 718 4191 dawtanimus.
765 4136 829 4193 Post
851 4138 923 4193 harre
945 4139 1019 4193 arim
1039 4154 1152 4192 acroam
1174 4137 1266 4193 uicino
1288 4137 1389 4193 tribuet
1413 4136 1487 4192 debet
1509 4153 1607 4192 mero
1629 4136 1678 4192 ille

288 4284 292 4293 .
362 4234 439 4302 sequi
461 4251 540 4303 quern
562 4235 704 4290 inumeris
721 4239 785 4303 port
810 4252 859 4291 sa
879 4237 952 4306 solia
973 4237 1002 4293 Β
1021 4236 1115 4292 littero
1139 4236 1296 4292 mictum
1317 4233 1444 4291 naalon
1467 4236 1552 4290 utum
1576 4238 1606 4289 ot
1629 4235 1678 4304 qni

362 4333 511 4387 murno.
533 4329 613 4387 idem
626 4330 716 4388 habet
729 4347 745 4388 c
762 4332 881 4388 omissis
898 4331 997 4390 verbis
1014 4352 1108 4390 onam
1124 4334 1173 4392 ille
1187 4335 1272 4402 sequi,
1291 4331 1425 4389 seruauit
1433 4336 1495 4404 post
1506 4350 1555 4388 seor
1564 4332 1636 4402 solio
1649 4333 1677 4389 B

364 4430 471 4485 utino:
488 4427 541 4485 sed
560 4428 582 4484 B
601 4428 699 4486 littera
720 4444 865 4501 nusquam
888 4430 919 4487 in
942 4446 966 4487 c.
985 4430 1145 4499 inuenitur,
1171 4444 1274 4487 uersus
1293 4430 1391 4486 summ
1414 4434 1444 4485 at
1466 4432 1516 4499 qni
1537 4431 1678 4485 nocturnis

363 4526 422 4581 iam
438 4528 506 4596 post
522 4529 661 4598 quattuor
680 4527 833 4585 columnas
847 4527 948 4597 (binae
959 4529 1039 4585 eninr
1051 4531 1299 4599 septuagenorum
1314 4542 1373 4584 una
1388 4540 1523 4598 quaeque
1538 4541 1676 4582 uersuum

364 4624 393 4679 in
414 4624 520 4695 quevis
538 4626 648 4695 pagina
670 4626 851 4697 perscriptae
870 4627 952 4692 sunt)
975 4627 1117 4697 sequitur.
1155 4628 1277 4697 apparot
1299 4626 1455 4684 librarium
1478 4639 1514 4681 ea
1532 4622 1623 4680 uerba
1641 4640 1677 4681 ex

364 4722 497 4792 margine
510 4722 670 4795 Lipsiensis
683 4723 883 4794 descripsisse.
897 4753 930 4763 -
944 4725 975 4781 in
992 4741 1022 4780 m
1041 4724 1072 4792 (u
1086 4724 1138 4795 v2)
1158 4723 1258 4781 omnia
1277 4728 1356 4781 recte
1375 4752 1409 4762 -
1430 4725 1462 4778 13
1482 4711 1576 4779 lisola
1593 4737 1621 4777 m
1643 4754 1675 4763 -

366 4822 397 4875 13
421 4821 557 4890 detero
585 4812 778 4899 periclitam
805 4852 836 4859 -
861 4825 891 4878 15
918 4840 996 4880 rano
1014 4822 1085 4892 lgm
1112 4822 1162 4889 (ari
1188 4839 1284 4879 corno
1307 4837 1336 4877 nr
1363 4821 1449 4886 corr.)
1478 4835 1612 4877 cornus
1644 4849 1676 4858 -

368 4921 398 4973 17
421 4920 526 4976 Tunco
544 4925 646 4977 ortuo.
