4134 5834
836 622 922 680 Liber
940 623 989 680 lv.
1026 624 1177 681 789-814.

505 842 717 928 proximaque
739 842 853 907 Italiae
876 841 966 906 tenui
989 840 1094 906 diuisa
1117 841 1276 926 profundo

452 973 493 1017 rao
507 972 565 1015 ora
588 951 675 1036 paris
699 950 845 1035 sequitur
867 950 956 1034 leges
980 970 1039 1014 neo
1063 948 1168 1013 sidere
1191 955 1287 1034 rupta
1309 954 1366 1013 est.

507 1065 551 1141 tu,
575 1057 772 1143 capricorno,
797 1057 892 1142 regis,
918 1056 1071 1141 quicquid
1095 1057 1154 1121 sub
1176 1057 1242 1122 sole
1266 1056 1400 1121 cadente

506 1171 555 1231 est
578 1166 727 1251 positum,
752 1166 958 1251 gelidamque
981 1163 1118 1229 Helicen
1140 1164 1227 1250 quod
1251 1164 1355 1249 tangit
1377 1164 1417 1228 ab
1441 1165 1506 1240 illo,

505 1272 669 1358 Hispanas
692 1278 805 1359 gentes
829 1278 861 1337 et
884 1277 963 1357 quot
986 1272 1050 1336 fert
1072 1270 1179 1337 Gallia
1202 1272 1304 1352 diues,

507 1386 602 1465 teque
626 1380 702 1445 feris
727 1379 859 1466 diguam
884 1385 1020 1461 tantum,
1046 1378 1232 1462 Germania,
1256 1385 1393 1445 matrem

452 1510 493 1554 rao
507 1488 621 1552 asserit
644 1489 832 1573 ambiguum
855 1487 943 1554 sidus
967 1493 1137 1571 terraeque
1161 1489 1322 1574 marisque

506 1594 647 1660 aestibus
671 1595 808 1661 assiduis
832 1602 966 1682 pontum
989 1602 1156 1680 terrasque
1180 1600 1352 1660 tenentem.

508 1702 564 1767 sed
588 1704 715 1768 iuuenis
738 1704 842 1768 nudos
866 1703 1022 1769 formatus
1047 1704 1173 1768 mollior
1197 1709 1285 1768 artus

507 1808 690 1896 Aegyptum
715 1811 755 1876 ad
780 1810 920 1896 tepidam
943 1809 1058 1897 Tyrias
1082 1810 1256 1897 Syriaeque
1279 1809 1400 1875 recedit

508 1922 540 1981 et
562 1917 699 1983 (lilinum
722 1924 835 2003 gentes
860 1918 966 1984 uicina
989 1924 1022 1983 et
1045 1919 1196 2003 aquarius
1220 1939 1309 1982 arua.

454 2045 495 2089 eoo
508 2024 649 2109 piscibus
673 2024 856 2112 Euphrates
880 2026 974 2091 datus
998 2032 1057 2107 est,
1081 2025 1137 2090 ubi
1159 2025 1256 2111 piscis
1277 2031 1444 2110 7ιπιιρὲοτ,

504 2154 577 2196 sum
600 2133 728 2218 fugeret
750 2133 918 2220 Typhona,
942 2134 1055 2199 Venus
1078 2133 1223 2199 subsedit
1244 2133 1277 2198 iu
1302 2133 1405 2198 undis.

508 2261 627 2325 magua
649 2242 733 2306 iacet
756 2242 849 2305 tellus
873 2242 1000 2327 magnis
1024 2241 1223 2306 circumdata
1246 2239 1324 2326 ripis

508 2346 637 2413 Parthis
661 2354 692 2412 et
715 2370 735 2414 a
758 2348 888 2414 Parthis
911 2348 1053 2415 domitae
1076 2369 1135 2433 per
1158 2348 1287 2413 saecula
1310 2353 1434 2432 gentes,

508 2453 691 2539 Bactraque
715 2461 747 2520 et
769 2454 924 2541 Hyrcani,
948 2454 1097 2541 Babylon
1120 2462 1152 2520 et
1176 2456 1259 2521 Susa
1282 2454 1464 2538 Paucaque,

454 2583 494 2628 soe
508 2562 704 2646 nominaque
727 2562 906 2627 innumeris
930 2564 983 2627 uix
1008 2563 1252 2648 complectenda
1273 2562 1395 2648 figuris,

507 2673 539 2732 et
561 2668 669 2753 Tigris
693 2674 726 2733 et
748 2669 837 2735 rubri
860 2669 1020 2735 radiantia
1043 2670 1139 2735 litora
1162 2670 1261 2755 ponti.

508 2775 554 2839 sic
578 2774 682 2841 diuisa
705 2782 813 2841 manet
835 2776 931 2841 tellus
953 2798 1012 2862 per
1034 2777 1142 2841 sidera
1165 2782 1290 2857 cuncta,

509 2903 527 2945 e
550 2883 667 2968 quibus
690 2885 723 2947 iu
746 2886 893 2969 proprias
916 2890 1024 2970 partes
1048 2890 1123 2949 suut
1145 2884 1217 2949 iura
1240 2884 1407 2949 trahenda.

510 3011 649 3076 namque
673 2992 786 3056 eadem
811 3014 893 3077 quae
917 2998 993 3057 sunt
1014 2992 1114 3077 siguis
1135 2992 1328 3057 commercia
1350 2997 1489 3056 seruant.

455 3119 496 3162 ero
510 3101 609 3182 utque
632 3098 688 3163 illa
710 3099 795 3164 iuter
817 3121 851 3164 se
875 3106 992 3165 coeunt
1015 3100 1153 3185 odioque
1177 3106 1369 3186 repugnant,

510 3225 595 3294 nuuc
619 3207 757 3273 aduersa
779 3208 853 3293 polo
877 3229 963 3274 nuno
987 3214 1019 3273 et
1042 3211 1213 3274 coniuncta
1236 3208 1373 3294 trigono,

510 3332 658 3399 quaeque
682 3315 746 3380 alia
768 3316 802 3380 in
825 3316 934 3381 uarios
958 3316 1092 3382 affectus
1116 3339 1214 3382 causa
1238 3317 1408 3402 gubernat,

509 3419 554 3483 sic
578 3426 683 3487 terrae
706 3424 802 3488 terris
826 3426 1032 3510 respondent,
1057 3424 1188 3491 orbibus
1211 3425 1316 3505 orbes,

509 3525 603 3593 litora
625 3529 783 3611 litoribus,
807 3531 916 3617 reguis
940 3534 1101 3598 contraria
1124 3553 1239 3618 regua3

457 3712 509 3767 789
521 3712 599 3767 italio
610 3717 665 3770 eto
678 3744 711 3753 -
725 3718 778 3772 790
786 3716 878 3785 patris
890 3717 901 3773 l
913 3717 994 3787 paria
1007 3733 1034 3773 m
1049 3716 1142 3787 patria
1154 3732 1194 3786 gc
1210 3723 1249 3772 est
1261 3715 1345 3771 deest
1356 3715 1385 3770 in
1401 3729 1420 3783 g
1434 3742 1466 3751 —
1480 3716 1530 3770 791
1544 3710 1660 3780 aprior-

349 3823 468 3863 comm
494 3808 713 3869 armantur
738 3813 879 3884 rodesteg
906 3844 939 3852 -
967 3817 1019 3872 792
1047 3815 1228 3885 apostema
1252 3847 1284 3855 -
1310 3814 1363 3869 793
1385 3807 1546 3881 hananael
1570 3811 1661 3878 pentec

351 3898 1450 4017 '‘”qoqunlupscuqraodcq.quodm9.ctqaoaetg-795o”(lscritladrcritm
1466 3908 1658 3977 auratac—

351 4033 403 4087 796
422 4030 554 4087 Astibrul
572 4031 736 4103 Letidosgo
756 4036 912 4093 oestibrem
930 4036 1093 4093 adadaism
1113 4066 1145 4075 —
1164 4040 1215 4094 797
1235 4036 1338 4093 audeo
1357 4032 1504 4104 sormotlal
1526 4032 1659 4088 meliorus

350 4134 425 4184 actus
436 4128 481 4184 lm
498 4132 561 4184 astu
573 4146 613 4198 gc
626 4165 661 4173 -
674 4134 727 4189 798
739 4135 890 4204 Aepyptum
903 4135 1036 4205 olepidum
1050 4136 1186 4207 mnusque
1198 4135 1334 4192 receditis
1352 4132 1621 4204 (coeptu-arianae
1631 4130 1659 4195 0)

351 4228 501 4297 ’10907000
522 4224 562 4297 lllll
582 4228 739 4298 lwlssml
763 4246 824 4301 νε
859 4232 890 4285 Α
913 4249 939 4287 a
962 4233 1077 4301 widem
1101 4237 1119 4289 t
1138 4251 1160 4288 r.
1179 4248 1269 4288 m-
1297 4236 1350 4291 799
1374 4232 1494 4303 pendeo
1521 4228 1661 4283 uiciaoet

350 4324 557 4393 aqrmrimo-
524 4328 624 4382 -800
642 4328 808 4398 eufratealg
821 4329 906 4399 puoto
923 4330 1110 4402 uroparlgo
1127 4331 1210 4401 pisces
1227 4335 1431 4404 arruptorm-
1448 4331 1498 4386 801
1515 4326 1658 4397 saperem

350 4450 429 4505 acaia
447 4464 537 4504 m—
565 4452 619 4506 803
641 4451 740 4507 Parca
763 4402 811 4509 sul>
825 4455 958 4524 parthisl
981 4456 1079 4525 parthi
1100 4457 1145 4513 sed
1159 4456 1266 4527 parthis
1283 4470 1323 4525 gc
1346 4454 1455 4525 parthis
1477 4457 1549 4523 etp.
1568 4467 1597 4507 111
1626 4484 1659 4493 -
1739 4502 1742 4508 .

351 4549 405 4604 8⁰4
423 4529 598 4617 Batllrlw
614 4550 742 4607 erana
759 4552 876 4609 babilone
892 4561 917 4609 ct
934 4547 1138 4627 subpimosqacl
1157 4555 1283 4623 Baetraq.
1303 4553 1414 4629 atterius
1435 4552 1554 4608 babilone
1571 4554 1598 4606 ct
1613 4550 1659 4605 sis·

348 4647 458 4715 pirum.
478 4660 498 4714 g
520 4645 647 4716 Bucaiuq.
666 4648 777 4705 etheriae
798 4650 916 4707 babilone
937 4660 962 4709 et
984 4655 1055 4709 Susa
1069 4668 1235 4723 paneam
1263 4652 1415 4721 Badraqw
1436 4656 1461 4704 et
1481 4648 1597 4704 oeternis
1615 4645 1658 4712 <ut

352 4742 468 4799 “mim
486 4742 531 4812 (Ε)
550 4744 689 4814 Babylone
706 4749 733 4801 ct
750 4748 820 4804 Susa
837 4750 963 4821 offlmosq.
978 4766 1005 4807 m
1027 4780 1060 4789 -
1079 4753 1131 4808 805
1150 4751 1313 4806 innumerus
1325 4764 1355 4804 u1
1376 4734 1586 4816 amplectbadol
1604 4759 1661 4798 om-

353 4841 541 4913 palanga
563 4842 787 4913 eubecaram
807 4848 851 4917 (n)
872 4878 904 4887 -
924 4851 977 4905 soe
995 4847 1135 4906 rraralm
1160 4877 1193 4887 -
1217 4848 1269 4904 era
1287 4846 1370 4901 aram
1388 4843 1519 4901 oasam
1542 4858 1660 4912 eaeque

354 4949 386 5007 in
398 4961 417 5015 g
434 4969 550 5023 quaeque
567 4940 622 4996 alia
640 4941 670 4998 ia
682 4943 715 4999 lc
732 4946 853 5015 adfectae
865 4962 902 5002 m.
