4134 5834
863 608 950 666 luber
968 606 1002 665 V.
1039 607 1190 665 383-383.

532 829 731 914 tutelamque
753 831 869 912 gerant
891 824 1013 912 papuli,
1035 824 1227 891 domibueue
1249 822 1400 910 regendis

533 935 708 1024 praepositi
730 955 826 1001 curas
848 933 955 999 alieno
977 932 1090 997 limine
1113 931 1275 997 claudant.

479 1068 520 1111 esa
533 1045 716 1110 arcitenens
739 1061 813 1107 cum
836 1061 871 1106 sa
894 1044 998 1105 tetum
1020 1037 1209 1124 produxerit
1231 1038 1337 1118 undis,

532 1158 582 1216 ter
604 1149 742 1215 decuma
764 1148 825 1215 sub
846 1153 940 1233 parte
962 1146 1024 1212 ieri
1047 1145 1263 1212 formantibus
1286 1146 1381 1211 astris

529 1260 678 1345 plumeue
700 1258 734 1322 in
758 1257 886 1321 caelum
908 1254 1020 1321 nitidis
1042 1254 1113 1319 olor
1134 1254 1244 1319 euolat
1265 1253 1335 1319 alis.

533 1387 597 1453 quc
620 1369 773 1451 surgente
796 1363 929 1429 trahens
950 1362 1057 1427 lucem
1081 1367 1283 1447 matremque
1305 1362 1491 1448 relinquens

534 1475 603 1560 ipse
626 1492 755 1558 quoque
777 1470 883 1536 aerios
905 1470 1043 1557 populos
1066 1467 1221 1555 caeloque
1244 1467 1386 1534 dicatum

480 1603 521 1648 are
534 1579 670 1646 alituum
693 1599 796 1665 genus
819 1577 853 1643 iu
876 1575 1020 1641 studium
1043 1596 1223 1662 censusque
1246 1575 1385 1642 uocabit

534 1688 623 1753 mille
645 1688 748 1753 fluent
770 1691 870 1751 artas:
894 1691 951 1750 aut
973 1683 1094 1750 bellum
1117 1682 1260 1750 indicere
1283 1683 1403 1760 mundo

535 1801 568 1859 et
590 1793 715 1859 medios
737 1793 822 1859 inter
843 1792 1009 1858 uolucrem
1033 1812 1188 1878 prensare
1211 1797 1347 1872 meatus,

536 1908 592 1968 ant
614 1901 700 1968 nidis
722 1900 878 1967 damnare
900 1899 967 1966 anis
990 1919 1124 1965 remoue
1146 1898 1324 1980 sedentem,

533 2014 761 2095 pascentemue
784 2029 881 2094 super
903 2005 1071 2093 surgentia
1093 2004 1221 2072 deicere
1243 2006 1319 2072 lina.

482 2140 522 2185 rra
536 2121 634 2202 etque
656 2115 736 2181 haec
759 2116 793 2182 in
815 2116 942 2195 luxnm3
967 2114 1032 2180 iam
1057 2114 1162 2180 uentri
1184 2112 1314 2200 longius
1336 2114 1401 2179 itur

537 2245 634 2309 quam
657 2222 753 2288 modo
775 2222 926 2307 militiae;
949 2221 1165 2288 Numidarum
1188 2222 1351 2308 pascimur
1373 2222 1438 2287 eris

534 2330 695 2396 Phasidos
717 2337 749 2396 et
771 2330 867 2409 lueis;
890 2330 1065 2395 arcessitur
1086 2328 1163 2395 inde
1186 2329 1369 2412 macellum,

536 2438 622 2503 unde
644 2445 760 2504 aurata
781 2459 867 2504 nouo
891 2443 1048 2504 conuecta
1071 2443 1120 2504 est
1141 2457 1283 2523 aequore
1306 2436 1409 2523 pellis.

536 2546 614 2633 quin
638 2546 736 2611 etiam
758 2546 886 2632 linguas
909 2544 1077 2611 hominum
1101 2565 1279 2630 sensusque
1301 2543 1429 2611 decebit

482 2674 524 2717 ase
537 2654 642 2718 aerias
664 2653 813 2719 uolucres
836 2674 986 2739 nouaque
1009 2653 1043 2718 in
1066 2652 1261 2719 commercia
1283 2651 1380 2718 ducet

537 2761 702 2846 uerbaque
724 2759 902 2849 praecipiet
923 2766 1060 2826 naturae
1082 2761 1155 2845 lege
1177 2766 1306 2845 negata.

537 2868 606 2952 ipse
630 2867 726 2932 deum
750 2889 869 2953 cycnus
891 2867 1001 2934 condit
1021 2888 1201 2953 uocemque
1224 2867 1285 2931 sub
1307 2866 1374 2950 illo,

537 2995 601 3040 non
625 2980 710 3041 tetus
733 2976 875 3058 uclucer,
898 2996 1074 3062 secumque
1095 2976 1312 3041 inmurmurat
1334 2974 1430 3040 intus.

537 3102 596 3146 nec
620 3090 651 3147 te
674 3089 889 3169 praetereant,
912 3084 1040 3150 clausas
1063 3084 1119 3170 qui
1142 3083 1282 3149 culmine
1305 3103 1431 3148 summo
1517 3170 1519 3175 7

484 3209 524 3253 aas
537 3209 670 3274 pascere
693 3210 771 3255 aues
794 3190 932 3257 Veneris
954 3190 1099 3277 gaudent
1121 3197 1153 3257 et
1176 3190 1311 3256 reddere
1335 3190 1424 3255 caelo

538 3316 576 3359 ac
600 3298 696 3362 certis
718 3318 872 3364 reuocare
895 3300 994 3380 notis3
1018 3305 1162 3365 totamue
1184 3320 1243 3384 per
1265 3296 1378 3363 urbam

538 3404 594 3488 qui
616 3412 745 3489 gestant
767 3406 876 3471 caueis
898 3408 1047 3472 uolucres
1070 3406 1111 3472 ad
1135 3407 1222 3473 iussa
1244 3411 1385 3493 paratas,

538 3531 676 3596 quorum
700 3512 804 3578 omnis
827 3535 928 3599 paruo
952 3514 1099 3579 consistit
1120 3534 1251 3600 passere
1274 3534 1400 3578 census.

538 3617 597 3683 has
620 3620 683 3684 erit
705 3627 737 3685 et
759 3620 872 3687 similis
895 3621 1040 3687 tribuens
1063 3622 1133 3688 cler
1156 3643 1274 3687 aureus
1297 3626 1391 3687 artes.

485 3796 970 3870 esaeiaerwuoeantpostarso
996 3801 1238 3869 36393378-
1252 3801 1305 3855 aas
1324 3797 1457 3868 emrugr
1474 3799 1689 3867 caramag-
1740 3781 1741 3785 '

379 3894 431 3950 383
460 3895 645 3952 Arcetcacml
672 3899 887 3967 arquitenentem
916 3928 949 3936 -
978 3901 1031 3954 386
1055 3896 1251 3954 tmdccumal
1277 3898 1506 3966 ardadmagm
1532 3896 1629 3965 lieris
1654 3924 1688 3934 -

379 3992 432 4047 387
450 3992 599 4062 ρὶυωοῇε]
622 3996 694 4052 clerc
711 3996 832 4052 uolantia
844 3995 900 4066 lac
923 4000 954 4052 ut
973 3997 1024 4052 titi
1041 3997 1126 4053 solare
1144 3997 1219 4052 uelat
1238 3997 1291 4051 alie
1303 4010 1332 4050 m
1358 4024 1390 4033 -
1414 3996 1468 4052 370
1490 3992 1690 4065 alitumque}

393 4062 507 4102 *alituum

379 4116 553 4189 altiuaquag
571 4120 722 4190 alitumque
734 4135 762 4176 m
775 4119 835 4191 (¹¹2)
853 4123 884 4178 im
902 4136 958 4178 om.
972 4135 990 4177 ο
1006 4151 1041 4158 -
1058 4123 1111 4178 372
1125 4115 1244 4192 plumare
1256 4119 1268 4176 l
1281 4137 1397 4192 pensare
1410 4134 1438 4175 m
1454 4137 1590 4231 precisas?¹
1598 4132 1640 4228 {ff
1648 4146 1688 4229 ο·-

797 4191 842 4233 ÷ni
878 4194 912 4233 dle
945 4194 1050 4234 *danari

380 4243 433 4297 373
459 4246 561 4301 nitidas
582 4247 703 4302 clamare
718 4244 787 4302 lmc
810 4248 912 4303 citiam
930 4248 1081 4316 clamareg
1108 4248 1243 4302 rationec
1270 4275 1302 4283 —
1332 4246 1385 4302 374
1408 4242 1541 4301 diecrele
1568 4201 1690 4314 dicerig

381 4312 471 4409 tter
490 4355 610 4423 usage
630 4354 1363 4451 cumacinam-mcitith-Jnamqscemoaom
1381 4350 1524 4420 margo
1542 4352 1688 4407 orem-

381 4454 433 4509 377
445 4451 639 4521 Facideslgm
654 4451 807 4509 duciclmc
820 4453 978 4522 dulcisg-
991 4454 1044 4510 378
1056 4451 1168 4522 effecta]
1182 4454 1312 4522 effectam
1329 4451 1476 4520 muscatae
1488 4453 1642 4518 maroug
1653 4477 1687 4487 -

381 4552 433 4606 380
451 4548 805 4620 acuasqrulncuasquem
823 4550 974 4607 comertial
992 4552 1181 4619 commertiag
1200 4550 1310 4618 aucerg
1331 4549 1440 4605 ducite>
1460 4575 1493 4586 -
1512 4549 1563 4604 381
1583 4550 1690 4603 aalma

381 4650 450 4720 clepa
471 4653 607 4705 matam
636 4678 668 4686 -
697 4651 749 4706 382
767 4647 908 4720 meula
935 4664 1076 4719 cycnum
1103 4650 1196 4704 colite
1224 4677 1256 4687 —
1285 4648 1338 4704 383
1365 4648 1554 4703 inmurmurat
1570 4659 1624 4715 gm
1653 4670 1688 4683 -

381 4748 1219 4818 ammpauumsmpauuaumeuecmo-
1238 4747 1290 4802 386
1309 4724 1370 4802 All
1389 4750 1472 4801 aute
1491 4748 1688 4800 tctamuac—

382 4847 433 4902 387
453 4838 566 4916 pcetltl
589 4847 737 4902 acaueiem
761 4875 794 4883 -
818 4846 1049 4902 388oenm1titm
1070 4859 1223 4916 pascerem
1247 4873 1279 4882 -
1304 4845 1357 4901 383
1378 4844 1508 4913 humitss
1530 4840 1689 4903 tuomst

382 4945 444 5000 Has
461 4942 988 5013 mam(t)eo10rlgoureursusn.
