4134 5834
799 643 885 701 leer
904 644 937 702 V.
972 645 1124 702 561-588.

467 866 500 926 et
522 862 580 927 tibi
604 867 769 927 contextas
792 861 940 926 umbram
964 861 1072 926 lesere
1095 882 1154 947 per
1177 862 1254 927 alas.

465 969 506 1034 ed
530 975 586 1034 tua
609 969 761 1034 sustinuit
782 969 899 1034 fluctus
922 969 1108 1055 spectacula
1129 976 1247 1055 pontus

467 1083 677 1163 assuetusque
700 1076 761 1143 sibi
785 1077 880 1142 desiit
902 1076 1099 1161 perfundere
1122 1078 1219 1163 ripas.

465 1184 579 1248 extulit
601 1191 634 1248 et
655 1183 777 1269 liquido
800 1182 913 1248 Nereis
937 1184 978 1249 ab
1002 1204 1144 1269 aequore
1168 1185 1292 1249 nultum

351 1287 354 1291 ⁵
413 1313 453 1358 ses
467 1297 500 1356 et
521 1311 615 1355 casus
638 1292 790 1357 miserata
813 1298 886 1356 tuos
909 1290 1050 1377 plorauit
1072 1297 1105 1355 et
1127 1313 1238 1357 anuos.

466 1398 538 1484 ipsa
559 1398 626 1463 leui
648 1399 726 1463 flatu
748 1396 901 1463 reloueus
923 1398 1098 1483 pendentia
1121 1399 1266 1465 membra

466 1506 558 1571 Aura
579 1526 638 1592 per
660 1513 820 1571 extremas
843 1506 1009 1570 resonauit
1030 1505 1138 1571 flebile
1160 1526 1267 1591 rupes.

401 1636 404 1642 ·
466 1613 598 1678 tandem
621 1613 786 1698 Gorgonei
808 1613 965 1678 uictorem
987 1612 1109 1678 Persea
1130 1615 1267 1679 monstri

465 1720 542 1786 lelir
565 1722 621 1787 illa
644 1722 712 1787 dies
735 1720 924 1786 redeuntem
948 1722 990 1785 ad
1012 1721 1109 1786 litore
1131 1721 1230 1786 duxit.

412 1852 454 1899 cro
466 1829 558 1915 isque
581 1829 637 1895 ubi
660 1829 855 1914 pendentem
879 1828 962 1893 uidit
983 1828 1024 1894 de
1047 1850 1127 1915 rupe
1150 1831 1302 1916 puellam,

467 1937 608 2022 deriguit
630 1937 724 2019 leole,
748 1958 845 2023 quam
869 1958 934 2002 non
957 1937 1175 2022 stupefecerat
1196 1938 1308 2022 hostis,

467 2045 586 2130 uixque
609 2066 708 2109 manu
732 2044 870 2130 spolium
895 2045 1007 2125 tenuit,
1032 2044 1200 2130 uictorque
1224 2045 1378 2113 Medusae

466 2152 572 2216 uictus
595 2152 629 2217 in
652 2151 902 2218 Andromedest.
948 2153 1014 2216 iam
1037 2151 1185 2216 cautibus
1208 2153 1333 2218 inuidet
1355 2156 1433 2241 ipsis

466 2258 632 2345 felicisque
655 2264 761 2340 uocat,
785 2266 917 2325 teneant
939 2280 1023 2345 quae
1046 2261 1193 2326 membra
1216 2267 1357 2327 catenas.

412 2388 453 2433 su
467 2372 499 2431 et
518 2372 689 2452 postquam
713 2387 837 2451 poenae
861 2388 993 2432 cauum
1017 2368 1171 2453 cognouit
1193 2368 1234 2433 eb
1258 2369 1338 2454 ipsa,

466 2474 606 2539 destinat
628 2476 662 2539 iu
685 2475 845 2540 thalamos
868 2496 927 2561 per
950 2476 1070 2540 belluna
1094 2475 1214 2540 uadere
1237 2478 1338 2561 ponti,

466 2582 568 2646 altera
591 2583 618 2646 si
642 2581 753 2667 Gorgo
776 2583 897 2663 ueniat,
922 2604 985 2647 nou
1010 2584 1140 2648 territus
1164 2583 1222 2647 ira.

466 2689 606 2753 eoncitat
628 2688 733 2753 aerios
757 2710 869 2754 cursus
892 2689 1063 2776 flentisque
1086 2697 1237 2776 parentes

462 2796 624 2880 promissu
647 2797 734 2861 uitae
757 2802 882 2860 recreat
905 2802 1083 2882 pectusque
1106 2797 1256 2862 maritam

412 2902 508 2969 ssoad
532 2902 608 2967 litus
631 2907 763 2967 remeat.
811 2902 965 2989 grauidus
987 2905 1053 2969 iam
1077 2925 1210 2989 surgere
1234 2911 1351 2990 pontus

467 3025 627 3095 coeperat,
651 3031 689 3074 ac
712 3010 809 3096 longo
833 3011 1003 3096 fugiebant
1025 3012 1155 3096 agmine
1178 3012 1294 3076 fluctus

466 3116 662 3201 impellentis
684 3138 766 3182 onus
790 3120 933 3183 monstri.
980 3126 1078 3204 caput
1101 3120 1222 3184 eminet
1245 3121 1348 3186 undas

467 3225 653 3303 scindentis,
676 3225 875 3312 pelagusque
899 3228 1011 3309 uomit,
1035 3228 1252 3292 circumsonat
1275 3249 1397 3313 aequor

465 3332 626 3415 dentibus,
650 3333 748 3418 inque
771 3335 841 3419 ipso
864 3334 1013 3419 rapidum
1038 3355 1129 3399 mare
1153 3336 1285 3420 nauigat
1309 3356 1374 3399 ore.

411 3463 451 3505 sss
465 3440 539 3504 hino
553 3440 646 3505 -uasti
670 3449 808 3525 surgunt
830 3442 985 3507 inmensis
1008 3443 1177 3527 torquibus
1200 3445 1305 3523 orbes,

466 3554 621 3632 tergaque
645 3555 839 3615 consumunt
861 3550 1011 3635 pelagus3
1033 3557 1127 3615 sonat
1151 3549 1293 3635 undique
1317 3548 1471 3636 Phorcys,

467 3660 564 3740 atque
587 3655 648 3740 ipsi
671 3663 820 3721 metuunt
842 3663 968 3722 montes
991 3657 1179 3743 scopulique
1202 3663 1359 3721 ruentem.

464 3762 577 3827 infelix
600 3762 704 3847 uirgo,
729 3764 878 3848 quamuis
900 3764 961 3829 sub
985 3765 1115 3829 uindice
1138 3770 1237 3841 tauto,

412 3968 463 4023 ser
483 3966 1115 4037 mo—ocaato-cosaasuetasq.lm
1135 3957 1358 4039 amaremur
1381 3949 1618 4038 repurgetur,

305 4083 387 4137 ἥψω
400 4081 427 4121 m
453 4093 486 4103 -
505 4066 559 4120 564
578 4063 706 4134 liquidil
730 4065 834 4134 liquido
849 4080 875 4120 m
900 4067 1038 4135 lucidum
1050 4081 1091 4135 gc
1114 4067 1243 4135 uuuasg
1264 4065 1348 4121 uultu
1360 4081 1389 4120 m
1407 4066 1519 4121 uultum
1531 4063 1564 4119 lc
1582 4092 1618 4102 -

305 4166 359 4220 565
384 4165 491 4220 roraait
517 4167 541 4219 er
567 4164 751 4218 cndaeo-
777 4164 830 4218 566
855 4163 951 4219 truisi
980 4164 1049 4219 kair
1072 4162 1161 4233 flator
1181 4164 1293 4233 esame
1309 4178 1396 4219 m-
1423 4165 1475 4220 567
1503 4160 1618 4231 auracl

305 4261 398 4330 fleuile
419 4276 510 4316 ru-
539 4263 592 4317 570
624 4244 743 4330 Vsq.¹¹
745 4254 966 4331 'pmdmtesnl
995 4275 1118 4330 seqare
1151 4262 1227 4331 isque
1248 4276 1364 4330 gm-
1388 4262 1439 4318 571
1467 4260 1619 4366 auguill

307 4370 425 4439 demit
439 4384 525 4423 m-
549 4370 602 4424 572
623 4368 844 4437 manuspretium
857 4368 922 4423 loru
949 4386 1034 4423 mana
1052 4368 1259 4439 spoliumg—
1282 4369 1336 4425 578
1358 4330 1618 4425 inandromacllelnl

306 4468 478 4523 Andromeda
495 4480 536 4535 gc
558 4467 749 4521 Andromedae
767 4481 852 4521 m—
877 4468 930 4523 574
953 4467 1129 4537 fclicoeqcco
1151 4467 1262 4522 menno
1277 4481 1385 4535 gru—
1410 4468 1494 4523 577
1482 4483 1559 4522 creo
1585 4496 1617 4504 —

306 4567 359 4621 578
377 4566 528 4620 woroime
546 4563 690 4633 &utaque
702 4579 718 4619 ο
732 4566 839 4635 paretis
852 4579 879 4619 ru
895 4565 1021 4635 parentis
1032 4580 1054 4615 o
1073 4593 1105 4601 -
1118 4567 1172 4621 579
1186 4566 1383 4636 promisaumo
1402 4566 1565 4620 maritamo
1584 4592 1616 4602 -

306 4664 360 4717 580
372 4664 485 4718 additus
496 4676 524 4716 ru
542 4663 599 4716 iam
609 4675 638 4716 m
655 4677 752 4717 namu
771 4691 803 4699 -
821 4664 872 4718 581
892 4667 968 4718 auto
983 4662 1116 4733 fagetum
1133 4663 1244 4718 armine
1254 4677 1282 4717 m
1301 4691 1332 4700 —
1351 4664 1404 4718 582
1421 4663 1618 4733 inpatientiam

306 4761 460 4816 cndno-
470 4761 525 4817 588
533 4761 705 4816 marmeno
717 4762 840 4816 mouilru
854 4766 973 4815 moero
986 4793 1020 4801 -
1033 4759 1280 4817 5840remlor'e1u
1292 4789 1324 4797 -
1335 4762 1387 4816 585
1400 4763 1487 4816 unctu
1500 4760 1618 4831 arpenti

306 4859 491 4929 uastieurprat
503 4873 577 4927 geru
591 4856 636 4924 (b)
659 4860 748 4914 caetu
766 4863 885 4929 crpacnt
897 4873 926 4913 m
940 4859 989 4925 (It)
1012 4860 1144 4914 inmersis
1158 4858 1203 4913 lm
1228 4888 1261 4897 -
1283 4860 1336 4914 586
1353 4859 1444 4928 fortae
1456 4872 1486 4912 ru
1505 4861 1619 4927 furciae

305 4955 389 5025 forse
400 4952 438 5025 lg
457 4982 490 4993 -
509 4957 560 5013 ser
580 4958 668 5025 anae
681 4972 710 5011 m
728 4938 810 5026 osli
829 4985 861 4993 -
881 4957 935 5012 ses
953 4957 1033 5026 sesa
1047 4971 1085 5012 m.
