4134 5834
724 1012 791 1113 M.
828 1011 986 1113 MAN
994 1013 1135 1114 ILII

639 1206 1218 1310 ASTRONOMIOON

752 1494 894 1571 LIBER
921 1493 1105 1571 PRIMUS

435 1710 596 1812 Carmine
619 1745 747 1810 diuinas
771 1752 856 1810 artes
879 1752 912 1810 et
936 1746 1065 1811 conseia
1087 1744 1144 1808 fati

434 1852 542 1917 sidere
564 1853 710 1918 diuersos
734 1854 902 1918 hominnm
926 1852 1089 1918 undantia
1111 1873 1216 1932 casus,
1276 1896 1279 1902 -

434 1961 581 2026 caelestis
604 1961 738 2025 rationis
762 1982 854 2046 opus,
877 1962 1038 2026 deducere
1062 1961 1183 2025 mundo

434 2069 606 2154 aggredior
628 2069 817 2154 primusque
840 2069 934 2133 nouis
957 2068 1118 2134 Helicona
1142 2089 1273 2133 mouere

406 2177 581 2242 enantibus
605 2183 638 2240 et
662 2176 756 2241 uiridi
780 2178 923 2241 nutantis
947 2177 1069 2241 uertice
1092 2176 1191 2241 situas

434 2284 562 2369 hospita
585 2305 678 2348 sacra
700 2284 810 2349 ferens
833 2285 913 2349 nulli
937 2291 1117 2349 memorata
1140 2284 1294 2369 priorum.

433 2392 520 2456 hunc
543 2392 622 2456 mihi
645 2398 691 2471 tu,
715 2390 845 2471 Caesar,
870 2392 995 2477 patriae
1018 2392 1233 2478 princepsque
1256 2396 1422 2475 paterque,

434 2499 488 2585 qui
513 2500 601 2584 regis
625 2500 770 2583 augustis
793 2506 961 2585 parentem
984 2500 1112 2584 legibus
1135 2498 1247 2564 orbem

435 2627 688 2693 concessumque
712 2608 796 2692 patri
820 2607 977 2672 mundum
1002 2608 1081 2672 deus
1105 2607 1174 2691 ipse
1198 2605 1343 2684 mereris,

395 2738 420 2776 ιο
433 2714 492 2778 das
516 2715 660 2779 animum
685 2713 836 2799 uiresque
860 2715 947 2779 exeis
972 2714 1013 2778 ad
1037 2720 1128 2778 tanta
1151 2714 1308 2778 cauenda.

434 2822 500 2884 iem
524 2822 720 2905 propiusque
744 2821 834 2885 fauet
857 2821 997 2885 mundus
1020 2821 1239 2886 scrutantibus
1262 2821 1367 2906 ipsum

434 2934 466 2991 et
490 2928 579 3013 cupit
602 2928 763 2994 aetherios
786 2950 845 3014 per
868 2928 1014 2993 carmina
1038 2929 1181 3013 pendere
1205 2949 1330 2993 census.
1364 2917 1366 2923 ⁸

436 3036 497 3100 hoc
521 3035 581 3100 sub
604 3056 685 3121 pace
710 3041 806 3101 uacat
828 3041 964 3100 tantum.
1013 3037 1104 3099 iuuat
1125 3036 1172 3099 ire
1197 3035 1384 3120 peripsum

434 3164 512 3207 aera
534 3150 566 3208 et
588 3144 736 3209 inmenso
760 3144 954 3229 spatiantem
979 3144 1091 3208 uiuere
1115 3144 1204 3207 caelo

397 3252 591 3337 insigneque
615 3258 648 3316 et
670 3252 824 3317 aduersos
848 3251 1015 3315 stellarum
1040 3272 1174 3316 noscere
1198 3271 1320 3314 cursus.

435 3359 519 3444 quod
544 3359 649 3424 solnm
673 3361 803 3425 nouisse
824 3380 940 3444 parum
965 3366 1022 3423 est.
1071 3357 1249 3444 impensius
1272 3357 1343 3442 ipsa

436 3467 517 3531 scire
540 3467 632 3531 iuuat
655 3468 766 3551 magni
788 3447 917 3552 penitus
942 3466 1132 3552 praecordia
1155 3465 1278 3544 mundi,

435 3595 564 3660 quaque
588 3581 680 3659 regat
701 3581 899 3660 generetque
923 3575 989 3639 suis
1013 3573 1169 3639 animalia
1192 3572 1304 3657 signis,

437 3700 569 3746 cernere
593 3688 626 3746 et
647 3682 681 3747 iu
703 3703 875 3747 numerum
900 3681 1032 3747 Phoebo
1057 3681 1246 3746 modulante
1268 3679 1399 3744 referre.

396 3811 423 3851 20
436 3789 514 3853 bina
536 3790 616 3855 mihi
639 3789 752 3874 positis
776 3789 884 3854 lucent
907 3790 1023 3853 altaria
1046 3788 1196 3870 flammis,

436 3897 477 3961 ad
501 3897 565 3963 duo
589 3897 710 3983 templa
733 3917 848 3981 precor
871 3895 990 3983 duplici
1016 3896 1233 3961 circumdatus
1258 3901 1347 3959 aestu

436 4003 589 4069 carminis
612 4012 645 4069 et
667 4025 790 4068 rerum:
816 4010 905 4069 certa
927 4025 1001 4069 cum
1024 4003 1098 4089 lege
1121 4010 1291 4068 canentem

437 4112 577 4176 mundus
602 4122 634 4176 et
656 4111 803 4177 inmenso
828 4120 936 4176 uatem
960 4111 1198 4197 circumstrepit
1221 4111 1299 4175 orbe

437 4219 556 4304 uixque
579 4220 685 4285 soluta
708 4219 774 4284 suis
798 4218 931 4283 inmittit
955 4220 1055 4283 uerba
1078 4220 1200 4303 figuris.

396 4347 533 4411 atquem
558 4327 698 4413 primurn
723 4328 857 4392 interius
881 4327 972 4391 licuit
997 4347 1191 4410 cognoscere
1215 4326 1309 4390 terris

386 4523 398 4574 l
423 4526 497 4578 ortes
519 4521 600 4591 glcu
625 4551 657 4559 -
682 4525 699 4577 3
720 4524 846 4578 nutantis
864 4520 916 4592 1112
935 4524 1119 4589 imitanticul
1142 4549 1174 4557 -
1197 4521 1230 4574 10
1248 4522 1352 4589 [acmo
1376 4548 1408 4556 -
1432 4521 1463 4574 15
1478 4520 1594 4589 propius

276 4622 448 4688 mundaeque
463 4621 544 4689 suaet
556 4635 576 4674 u
591 4649 622 4656 —
641 4622 672 4674 12
684 4638 779 4676 neuun
796 4635 813 4674 ο
829 4649 859 4657 -
876 4621 908 4674 13
926 4620 1007 4674 hncu
1026 4624 1140 4687 uocctg
1158 4622 1237 4674 uocat
1249 4634 1271 4668 u
1291 4618 1543 4685 maderniacum,
1557 4631 1592 4685 ul

276 4718 370 4783 (uacat
383 4722 574 4773 tantunacorr.
585 4718 773 4788 iumarg.u1)
785 4747 818 4755 -
833 4719 864 4772 18
874 4736 995 4787 quaeque
1005 4732 1021 4772 ο
1033 4745 1066 4753 -
1077 4719 1109 4771 19
1122 4719 1300 4772 innumeram
1313 4730 1332 4770 u
1344 4745 1375 4752 —
1387 4716 1418 4770 21
1435 4719 1495 4796 patu
1508 4712 1545 4770 lu
1559 4742 1592 4751 -

277 4816 468 4885 21e'rmmu,
486 4819 631 4885 circumu1
650 4815 692 4882 (in
704 4830 795 4885 marg.
806 4814 909 4879 recuro)
922 4832 1048 4871 rerumo
1064 4844 1095 4853 -
1110 4816 1144 4870 23
1157 4812 1299 4869 inmcnnol
1313 4844 1345 4851 —
1358 4816 1391 4868 24
1404 4811 1544 4869 inmittit}
1560 4841 1592 4848 -

277 4913 311 4967 25
332 4915 417 4969 lacuit
437 4931 464 4983 g.

330 5037 438 5078 nannius.
462 5040 477 5080 1.
640 5034 642 5038 ·
1489 5020 1500 5071 l
