4134 5834
435 602 483 666 ¹36
963 590 1045 653 Bnch
1064 599 1089 666 1,
1109 550 1223 647 555-555.

439 814 498 880 der
524 812 696 879 Verfasser
728 814 784 878 des
814 811 920 878 Aetna
940 814 1005 877 325
1038 812 1121 877 5555
1149 812 1341 879 Posidonius
1374 817 1629 900 μετεωρολογικά
1666 816 1756 904 (agl.

440 919 592 986 Sudhaus
624 919 731 984 Aetna
762 940 836 1005 pag.
865 917 953 1001 156).
986 955 1030 964 -
1064 921 1127 984 855
1161 916 1288 982 calidas
1320 917 1357 981 in
1388 917 1536 1000 fontibus
1562 921 1677 987 undas
1708 962 1753 972 —-

441 1025 558 1092 ‘Feuer
590 1048 686 1112 sogar
715 1028 759 1091 im
788 1024 941 1108 Wasser’‚
973 1026 1126 1091 51555555
1157 1026 1290 1091 handelt
1322 1027 1446 1092 Seneca
1474 1026 1512 1100 Q.
1539 1027 1576 1092 N.
1604 1028 1753 1098 112511.

439 1134 507 1198 und
522 1134 698 1200 besonders
718 1136 775 1198 26:
798 1130 965 1197 maiorum
980 1136 1170 1196 nostrorum
1184 1130 1343 1196 memoria
1358 1137 1397 1195 ut
1411 1129 1614 1199 Posidonius
1630 1138 1754 1221 tradit,

440 1260 517 1303 oum
527 1238 642 1303 insula
652 1237 690 1302 in
701 1238 830 1323 Aegaeo
844 1236 934 1302 mari
947 1242 1107 1321 surgeret,
1124 1236 1300 1319 spumabat
1315 1236 1465 1302 interdiu
1479 1260 1571 1305 mare
1587 1246 1619 1305 et
1629 1242 1757 1324 fumus

440 1367 483 1410 ea
507 1346 572 1412 alto
594 1345 773 1427 ferebatur.
820 1343 921 1409 Nunc
948 1346 1081 1408 demum
1099 1344 1261 1426 prodebat
1283 1342 1394 1428 ignem
1417 1353 1477 1412 etc.
1502 1384 1544 1394 -
1569 1352 1753 1421 855-858

439 1452 531 1518 silice
546 1452 584 1517 in
600 1453 688 1517 dura
703 1452 753 1537 (ο)
769 1450 938 1533 uiridique
954 1450 992 1515 in
1007 1450 1124 1516 cortice
1140 1451 1250 1515 sedem
1266 1489 1307 1498 -
1324 1476 1360 1519 so
1377 1452 1490 1520 015555
1505 1456 1535 1520 (1.
1549 1456 1588 1521 N.
1601 1457 1643 1522 D.
1656 1459 1692 1524 Π
1705 1463 1753 1527 25

428 1581 520 1624 vnarn
542 1564 573 1624 et
597 1557 749 1642 lapidum
773 1555 927 1638 conflictu
951 1562 1048 1639 atone
1072 1557 1156 1622 tritu
1179 1557 1254 1623 elici
1277 1557 1387 1642 ipnem
1409 1558 1564 1625 uidemus
1587 1600 1629 1609 —
1646 1569 1752 1646 atoaae

439 1664 599 1731 etiamen
609 1664 723 1749 puteis
738 1663 871 1749 iugibus
888 1685 1010 1746 aquam
1026 1664 1170 1730 calidam
1187 1663 1285 1729 trahi.
1325 1667 1374 1731 Zn
1389 1664 1558 1748 uiridique
1574 1665 1611 1731 in
1627 1670 1751 1737 cortice

438 1776 502 1859 vgl.
521 1776 633 1840 Sanco.
651 1773 689 1838 N.
707 1772 745 1846 Q.
762 1773 797 1837 ΙΙ
813 1775 855 1837 22
871 1770 958 1835 mant
972 1791 1049 1834 cum
1064 1770 1129 1836 duo
1147 1769 1238 1854 lipna
1254 1770 1341 1835 inter
1356 1791 1389 1835 se
1406 1756 1535 1837 diutius
1551 1772 1632 1838 trita
1652 1782 1749 1842 sunt.

438 1878 517 1946 Non
538 1879 644 1946 amnis
664 1878 722 1944 hac
745 1877 805 1942 tibi
824 1877 966 1942 materia
981 1877 1177 1960 praestabit,
1201 1878 1259 1942 sed
1278 1878 1398 1943 5515555
1418 1878 1588 1944 eliciendis
1610 1880 1750 1964 ipnibus

438 1987 526 2052 sicut
558 1987 685 2067 laurus,
719 1984 856 2048 hederae
884 1988 916 2048 et
946 1983 1016 2048 alia
1047 1983 1084 2048 in
1117 1983 1204 2048 hunc
1236 2004 1336 2049 usum
1367 1989 1446 2050 nota
1469 1984 1671 2066 pastoribus.
1701 2029 1750 2038 —-

440 2098 503 2161 857
528 2092 618 2158 ulna
639 2090 703 2156 sibi
723 2090 837 2156 collisa
860 2095 1040 2155 crematur:
1066 2092 1267 2158 Wsldhrand
1291 2094 1393 2158 durch
1418 2093 1748 2185 Selbstentadndung.

438 2202 562 2267 Lnarea
582 2201 621 2265 V.
646 2204 729 2266 1097
759 2199 865 2284 (cum)
898 2203 1027 2263 aestuat
1056 2198 1093 2263 in
1122 2219 1233 2264 ramos
1260 2198 1452 2264 incumbens
1479 2200 1607 2266 arboris
1635 2203 1748 2280 arbor,

439 2306 643 2390 adprimitur
658 2305 784 2370 aelidis
805 2304 950 2370 extritus
965 2305 1097 2371 uiribus
1120 2305 1217 2389 ipnis.
1244 2307 1524 2394 -vgl.vitr.11
1544 2315 1571 2374 l.
1591 2315 1619 2390 1,
1643 2313 1750 2379 eben-

439 2416 512 2481 falls
528 2415 611 2481 nach
627 2415 829 2481 Posidonius.
856 2451 897 2459 —
923 2417 986 2480 858
1010 2415 1080 2480 Der
1096 2414 1439 2500 Zusammeniassnng:
1462 2412 1595 2498 ignibus
1617 2422 1749 2485 natura

440 2522 519 2588 adeo
535 2526 583 2586 est
599 2520 788 2586 abundans:
806 2521 886 2586 adeo
902 2523 969 2587 5511.
986 2524 1024 2584 ut
1040 2518 1125 2604 dixi,
1141 2508 1223 2607 iolgt
1239 2523 1291 2586 ein
1306 2523 1417 2587 latntes
1433 2522 1586 2608 Bsispiel:
1602 2522 1748 2607 sulpura

438 2653 469 2695 n.
486 2627 642 2711 fulmina.
683 2614 770 2694 [lber
790 2629 900 2693 heides
917 2628 1115 2693 ausfsshrliah
1133 2630 1256 2694 Seneca
1275 2628 1315 2692 N.
1336 2628 1374 2701 Q.
1391 2628 1424 2692 11
1443 2629 1521 2692 1211.
1542 2626 1747 2711 (fulcrum

439 2734 580 2802 ostendit
603 2735 728 2819 ignem:
755 2732 947 2816 fulminatio
971 2731 1100 2798 amittit.
1146 2732 1218 2797 Illa
1239 2738 1291 2816 (ut
1312 2731 1361 2796 ita
1385 2732 1507 2815 dicam)
1530 2734 1748 2804 coniminutio

438 2846 486 2907 est
508 2848 539 2907 et
563 2841 704 2909 canutio:
728 2840 795 2906 ista
817 2839 975 2906 iaculatio
999 2861 1075 2904 cum
1097 2839 1166 2903 ictu
1190 2878 1231 2885 -
1253 2841 1527 2907 Wetterleuchten
1550 2845 1616 2908 und
1639 2843 1747 2911 Blitze

438 2952 568 3016 werden
588 2952 659 3015 hier
678 2950 936 3015 unterschieden.
979 2949 1143 3013 Hiernaah
1166 2948 1281 3033 gehbrt
1299 2945 1459 3011 imbribus
1478 2967 1495 3010 e
1517 2947 1673 3031 (Hdschr.
1695 2952 1744 3035 et)

437 3054 555 3119 niediis
571 3079 610 3121 zu
625 3054 767 3136 fulmine
783 3059 928 3137 raptum.
971 3042 1060 3121 Uber
1076 3057 1128 3120 die
1143 3055 1263 3140 Frage:
1285 3052 1387 3117 nubes
1408 3072 1483 3116 aum
1502 3053 1571 3118 sint
1586 3053 1744 3121 humidae

437 3162 536 3227 imma
552 3163 638 3226 redae
654 3163 810 3243 qumnodo
823 3183 898 3245 erpo
910 3167 1053 3243 possunt
1067 3161 1199 3244 pignere
1215 3158 1347 3244 ignem?
1361 3163 1534 3227 handelten
1547 3164 1600 3228 die
1613 3164 1746 3231 Stoiker

437 3270 635 3335 ausfsshrlich
660 3270 751 3351 (San.
773 3270 811 3333 N.
834 3271 872 3342 Q.
895 3270 1016 3350 1125).
1047 3307 1088 3315 -
1118 3272 1307 3335 saa—864:
1337 3269 1400 3332 Die
1424 3268 1657 3356 Beohachtung
1685 3273 1745 3337 der

436 3375 574 3458 fulgura
603 3379 669 3441 und
696 3374 843 3456 fulmina
871 3376 961 3457 (crim
988 3374 1105 3438 iridens
1130 3376 1209 3458 863)
1238 3376 1351 3441 mahnt
1378 3376 1450 3440 dich
1474 3405 1516 3428 2-
1541 3397 1581 3438 55
1608 3375 1742 3444 mirere.

545 3485 609 3547 865
633 3483 692 3546 1115
713 3480 785 3544 siue
808 3480 913 3563 ipitur
933 3483 1013 3547 wird
1033 3483 1084 3545 die
1106 3485 1167 3546 811
1191 3485 1380 3565 begonnens
1400 3482 1506 3546 Lehre
1526 3505 1600 3547 vom
1621 3484 1743 3551 Wesen

437 3591 494 3655 des
528 3590 688 3654 Kometen
724 3589 974 3673 anigenommen
1010 3590 1075 3653 und
1110 3590 1167 3653 das
1202 3598 1284 3653 erste
1315 3586 1486 3651 Placitum
1520 3590 1579 3654 mit
1609 3590 1743 3657 kleinen

437 3697 616 3761 Varianten
643 3696 831 3760 wiederholt
858 3692 959 3775 (ratio
983 3698 1090 3757 terrae
1111 3723 1146 3746 ·--·-
1175 3699 1304 3757 scatron
1324 3698 1440 3774 terrae,
1468 3693 1596 3759 semina
1621 3727 1655 3749 2:
1680 3696 1743 3760 ali·

436 3806 557 3882 menta,
581 3799 694 3883 potuit
717 3802 800 3866 Scal.
826 3810 902 3866 statt
921 3800 1035 3882 posuit
1063 3802 1217 3884 hdsehr.).
1265 3802 1351 3865 Zwei
1379 3824 1462 3866 5555
1481 3800 1610 3882 placita
1636 3811 1742 3870 treten

436 3910 546 3975 hinnu:
572 3912 634 3974 867
659 3910 722 3974 Die
746 3910 906 3974 Kometen
934 3910 1006 3973 sind
1030 3909 1144 3974 Sterne
1172 3909 1360 3974 schwachsn
1386 3909 1533 3989 Glanzes,
1567 3912 1634 3974 also
1658 3913 1744 3996 cwig

437 4016 556 4101 (gegen
588 4019 651 4081 825
679 4013 716 4077 in
745 4013 842 4078 breue
865 4012 954 4076 uiuit
979 4015 1085 4098 opus).
1134 4018 1176 4081 So
1201 4017 1365 4100 Diogenes
1388 4016 1609 4100 Apolloniates
1632 4015 1743 4099 (Diels

436 4123 478 4186 D.
500 4121 556 4185 Gr.
581 4121 676 4203 366):
705 4123 843 4206 ἀστέρας
871 4125 949 4186 εἶναι
976 4126 1047 4199 τοὺς
1070 4122 1223 4207 κομήτας,
1254 4123 1382 4186 5551155
1410 4122 1474 4186 und
1504 4123 1743 4188 ausfnhrlicher

437 4230 561 4294 Seneca
583 4229 619 4292 N.
638 4229 675 4300 Q.
698 4229 833 4293 1111225
858 4248 925 4292 non
945 4227 1034 4291 enim
1054 4227 1206 4292 eeislimo
1228 4226 1380 4292 Cometen
1398 4226 1611 4291 subitaneum
1630 4226 1742 4311 ignem

436 4334 493 4397 sed
517 4333 604 4396 inter
628 4339 762 4397 aeterna
786 4355 885 4416 opera
908 4338 1050 4398 naturae
1067 4336 1264 4400 unav113:
1289 4333 1487 4416 Apollonius
1508 4333 1670 4417 Myndius
1692 4334 1745 4400 ait

437 4445 576 4505 amnetas
604 4439 640 4503 in
668 4461 804 4505 numera
831 4440 1005 4504 stellarum
1034 4439 1221 4505 errantium
1246 4440 1329 4522 poni
1360 4461 1380 4503 a
1411 4439 1594 4522 Chaldaeis.
1638 4442 1743 4508 Dem-

437 4549 671 4634 entsprechend
687 4548 780 4611 istut
796 4548 1084 4628 cunctaffldschr.
1103 4546 1139 4610 ab
1156 4551 1286 4626 cunata)
1303 4570 1342 4612 zu
1354 4550 1453 4613 15555.
1488 4549 1588 4613 Diess
1605 4550 1743 4615 Ansicht

437 4656 553 4719 hedarf
572 4678 639 4719 nun
663 4656 753 4719 einer
775 4655 1033 4740 Beschrbnkung
1055 4657 1089 4719 in
1113 4656 1176 4720 868
1197 4653 1254 4716 sed
1274 4652 1386 4732 trahit,
1411 4656 1566 4720 nbmlich:
1589 4666 1652 4720 τῶν
1674 4659 1742 4722 ἀπὸ

437 4760 631 4846 Πυθαγόρου
662 4765 742 4841 τινὲς
775 4764 831 4849 μὲν
864 4762 985 4846 ἀστέρα
1015 4764 1110 4846 φασὶν
1142 4764 1222 4826 εἶναι
1253 4762 1305 4827 τὸν
1336 4761 1483 4847 κομήτην
1513 4773 1575 4827 τῶν
1604 4765 1664 4826 οὐκ
1690 4765 1741 4829 ἀεὶ

436 4869 633 4953 φαινομένων
665 4871 716 4933 διά
747 4888 827 4945 τινος
860 4870 894 4932 δέ
925 4868 1100 4954 ὡρισμένου
1132 4869 1248 4953 χρόνου
1282 4869 1469 4953 περιοδικῶς
1502 4869 1747 4937 ἀνατελλόντων
