4134 5834
833 628 920 687 Liber
937 628 958 685 I.
995 630 1147 708 ete-402,

549 846 657 932 aspice
680 867 765 911 nuno
789 846 875 910 intre
898 846 975 911 eolis
998 846 1164 932 surgentia
1187 866 1301 910 oureus
1348 887 1353 896 ,

496 977 579 1041 quae
603 977 701 1041 super
723 962 853 1032 exustas
874 954 1029 1019 labuntur
1052 942 1159 1019 sidera
1183 961 1295 1035 terres,

441 1085 481 1126 :uo
496 1084 644 1147 quaeque
667 1063 752 1127 iuter
774 1062 916 1146 gelidum
941 1063 1122 1148 capricorni
1146 1062 1235 1127 sidus
1259 1069 1291 1125 et
1314 1082 1375 1125 axe

496 1172 560 1235 imo
584 1172 757 1235 subnixum
781 1177 953 1235 uertuntur
974 1171 1099 1235 lumina
1121 1171 1288 1250 muudum,

493 1279 597 1342 altera
618 1299 695 1362 pars
718 1277 805 1370 orbis
828 1278 888 1343 sub
912 1279 985 1364 quie
1008 1278 1204 1342 iaoetinuia
1227 1278 1320 1342 nobis

495 1387 689 1472 ignotaeque
712 1385 880 1450 hominum
903 1392 1017 1470 gentes
1042 1407 1100 1450 neo
1125 1386 1260 1450 transite
1283 1406 1385 1471 regna

496 1513 667 1557 commune
691 1516 731 1556 ex
752 1515 816 1558 uuo
840 1493 949 1557 lumen
974 1493 1126 1558 ducentia
1150 1493 1217 1557 sole

441 1623 482 1666 seo
496 1600 705 1685 diuersasque
729 1601 860 1665 umbras
883 1600 1043 1684 laeuaque
1067 1599 1217 1664 cadentia
1239 1600 1332 1685 signa

495 1714 528 1771 et
550 1707 680 1772 dextros
703 1713 793 1772 ortus
816 1707 907 1772 eaelo
931 1707 1110 1794 spectantia
1135 1729 1238 1772 uerso.

495 1836 555 1879 nee
578 1816 685 1880 minor
707 1822 757 1880 est
778 1815 842 1879 illis
864 1815 1005 1879 mundus
1028 1836 1088 1879 neo
1112 1815 1234 1879 lumine
1257 1814 1358 1900 peior,

495 1944 555 1987 neo
580 1944 753 1988 numerose
775 1924 882 1988 minus
905 1930 1083 1988 naseuntur
1105 1924 1211 1988 sidera
1235 1924 1269 1987 in
1294 1922 1414 1987 orbem.

496 2036 603 2095 cetere
626 2052 691 2096 non
715 2031 848 2111 ceduut3
873 2053 937 2095 uno
962 2032 1137 2095 uincuntur
1160 2032 1192 2095 in
1216 2037 1318 2095 astro:

442 2160 482 2202 ess
496 2136 658 2219 Aegeate,
683 2134 778 2201 eidus
801 2139 913 2201 uestro
937 2136 1024 2217 quod
1048 2134 1287 2219 deuteguardi,

498 2242 620 2309 Caesar
643 2264 734 2308 nuuc
757 2242 865 2326 terrio,
887 2248 964 2326 post
987 2242 1075 2308 coelo
1098 2240 1270 2308 suasimus
1295 2246 1418 2308 artetur.

496 2374 628 2418 cernere
652 2354 796 2418 uicinum
820 2355 958 2439 geminis
981 2354 1058 2419 lioet
1081 2350 1213 2436 Oriona,

496 2462 528 2525 in
553 2480 705 2546 magnam
730 2462 811 2527 caeli
835 2462 1020 2527 tendentem
1045 2462 1198 2527 bracchia
1221 2468 1357 2548 partem,

496 2589 556 2633 neo
580 2570 686 2635 minus
710 2577 840 2635 extento
864 2576 1050 2654 surgentem
1076 2570 1117 2634 ad
1141 2570 1248 2635 sidera
1270 2582 1379 2656 passu,

442 2697 483 2739 eoo
497 2675 624 2760 singula
646 2676 799 2762 fulgentis
824 2698 952 2742 umeros
976 2679 1028 2742 oui
1052 2678 1176 2742 lumina
1198 2679 1338 2763 signant,
1435 2697 1438 2704 ·

496 2789 528 2847 et
551 2785 653 2848 tribue
677 2785 816 2870 obliquis
839 2785 998 2850 demissus
1022 2786 1151 2849 ducitur
1174 2787 1268 2851 ensis.

497 2898 530 2954 at
554 2899 651 2977 eaput
675 2891 776 2957 Orion
801 2893 928 2957 excelso
953 2894 1112 2957 inmersus
1137 2893 1274 2979 Olympo

496 3019 554 3084 per
571 2999 639 3063 tria
662 2998 821 3065 subducto
845 3001 991 3084 signetur
1014 3000 1138 3064 lumina
1162 3000 1268 3079 uultu3

497 3128 561 3171 nou
585 3108 671 3192 quod
695 3108 783 3172 clara
805 3107 924 3191 miuus,
947 3109 1003 3173 sed
1027 3108 1113 3193 quod
1138 3108 1241 3194 magis
1266 3107 1331 3172 alta
1354 3107 1518 3171 recedunt.

442 3235 482 3277 aas
496 3214 557 3279 hoo
581 3215 662 3279 duce
686 3237 744 3301 per
766 3222 869 3281 totum
894 3217 1070 3281 decurrunt
1093 3216 1200 3280 sidera
1223 3215 1389 3280 mundum.

497 3322 704 3408 subsequitur
726 3325 840 3409 rapido
865 3332 1017 3390 contenta
1040 3325 1187 3390 canicula
1212 3346 1317 3405 eursu,

498 3451 561 3514 qua
584 3431 708 3496 nullum
734 3434 828 3497 terris
851 3415 1025 3497 uiolentius
1049 3433 1182 3497 aduenit
1205 3438 1327 3497 astrum

496 3560 557 3602 neo
579 3540 712 3625 grauius
737 3540 835 3620 oedit3
860 3562 946 3605 nuno
967 3540 1100 3604 horrida
1123 3540 1243 3623 frigore
1268 3540 1371 3623 surgit

492 3667 583 3727 nuno
606 3669 746 3712 uacuum
771 3648 830 3712 ooli
854 3648 1032 3733 fulgentem
1058 3647 1177 3711 deserit
1200 3647 1320 3712 orbem.

442 3753 542 3816 sossio
565 3754 598 3817 in
623 3762 796 3839 utrumque
820 3761 930 3820 mouet
953 3755 1110 3819 muudum
1135 3761 1166 3817 et
1189 3754 1351 3818 contraria
1374 3753 1487 3817 reddit.

498 3860 581 3925 hanc
605 3862 661 3946 qui
684 3870 881 3947 surgentem,
905 3863 1009 3947 primo
1034 3883 1108 3926 oum
1132 3860 1279 3925 redditur
1301 3867 1384 3940 ortu,

497 3969 615 4033 montis
639 3970 681 4034 ab
704 3970 831 4035 excelso
856 3971 1064 4055 speculantur
1087 3970 1208 4034 uertice
1232 3969 1342 4050 Tauri,

444 4184 497 4238 373
514 4182 590 4237 iutro
608 4199 624 4238 0
647 4183 802 4252 oupdeomi
816 4182 919 4238 nudet
934 4198 961 4238 m
982 4183 1024 4249 (iu
1046 4170 1137 4251 marg.
1158 4183 1242 4251 corr.)
1259 4198 1373 4238 eramo
1399 4212 1429 4219 -
1454 4183 1507 4237 376
1524 4181 1651 4249 siderag

336 4279 474 4335 lumiuoo
492 4281 629 4337 mundum
644 4298 663 4351 g
680 4282 780 4337 inundo
793 4297 814 4333 u
828 4311 861 4319 -
875 4282 927 4336 377
945 4282 994 4336 surb
1009 4280 1030 4350 tt
1046 4283 1115 4336 meet
1126 4296 1146 4351 g
1159 4281 1248 4350 (aquis
1260 4280 1326 4337 add.
1341 4281 1371 4336 in
1386 4295 1476 4349 marg.
1491 4293 1567 4335 man.
1582 4280 1651 4346 rec.)

335 4380 461 4449 subquie
478 4380 586 4435 iooatu
605 4415 640 4422 —
659 4384 712 4437 380
730 4382 880 4450 meoquem
900 4382 1073 4450 leuemqueu
1094 4382 1189 4435 -381
1210 4380 1473 4448 comprecantium
1493 4379 1651 4433 -383tu

335 4478 540 4533 ordeo-385
560 4479 658 4547 quode
676 4482 778 4534 -388
798 4480 1093 4536 tendentem-389
1111 4477 1225 4533 ederat
1244 4478 1424 4533 aenaeam
1445 4477 1650 4544 omadge—

337 4578 390 4632 390
406 4577 534 4647 fulgentis
546 4591 575 4631 m
596 4577 729 4645 fulgentes
741 4593 763 4628 ω
785 4577 909 4633 tumus
922 4577 957 4646 lg
980 4551 1087 4632 lineos
1098 4592 1128 4631 m
1148 4606 1180 4613 —
1204 4578 1256 4630 399
1275 4592 1375 4631 euoesso
1389 4591 1416 4629 m
1442 4578 1544 4644 (marg.
1565 4574 1650 4641 corr.)

335 4674 515 4730 remmam
534 4673 752 4740 immerserat:
781 4707 813 4715 -
842 4678 894 4730 393
913 4677 1104 4746 η’φιαηΐιινηι
1133 4704 1165 4712 -
1195 4676 1248 4729 334
1265 4675 1421 4730 recedo-nto
1447 4704 1478 4711 -
1503 4675 1556 4729 338
1574 4687 1651 4728 neco

336 4772 445 4828 horrido
468 4772 502 4841 gl
537 4773 628 4827 orrida
651 4789 677 4827 m
705 4774 832 4843 saeuitg
862 4774 949 4842 mergit
970 4791 991 4825 ω
1014 4807 1048 4815 -
1071 4775 1123 4828 399
1146 4773 1221 4827 Haeo
1240 4772 1297 4842 lge
1322 4791 1354 4828 na
1373 4789 1400 4828 m
1427 4772 1488 4828 eolis
1503 4773 1651 4842 fulgentem

336 4871 474 4926 deserite
502 4876 667 4941 sequuntur
695 4873 723 4926 in
748 4888 764 4926 o
794 4869 857 4926 ‘Hta
877 4870 1000 4926 iuter'-
1017 4872 1106 4925 nistera
1129 4872 1199 4925 caelo
1224 4873 1366 4925 teu—529
1392 4901 1423 4908 —
1448 4873 1496 4925 401
1528 4871 1575 4938 qui
1597 4884 1649 4937 gm

336 4988 418 5038 meam
437 4970 477 5025 le.
