4134 5834
753 738 755 742 Δ
841 656 927 713 uuor
944 657 993 715 m.
1030 660 1145 715 ec-sc.

498 895 639 960 aeraque
662 881 695 938 et
717 879 819 938 terras
842 874 1071 961 flammamque
1095 876 1279 960 undamque
1302 880 1468 941 natantem

499 988 612 1047 mutua
633 983 665 1046 iu
692 982 851 1046 alternum
875 983 1031 1067 praebere
1054 984 1207 1048 alimenta
1229 984 1365 1067 iuberet,

500 1098 536 1155 ut
558 1096 605 1156 tot
627 1091 802 1176 pugnantis
825 1097 952 1176 regeret
975 1092 1149 1156 concordia
1172 1113 1296 1174 causas,

458 1221 485 1263 so
499 1204 662 1283 staretque
686 1204 817 1263 aeterno
841 1197 996 1283 religatus
1018 1198 1150 1264 foedere
1177 1199 1328 1280 muudus,

500 1311 668 1391 exceptum
694 1326 862 1370 asumma
885 1326 926 1369 ne
949 1306 1026 1391 quid
1050 1307 1175 1371 ratione
1199 1312 1354 1387 maneret,

476 1420 533 1505 Aet
555 1413 641 1498 quod
665 1418 735 1477 erat
756 1412 880 1494 mundi,
904 1415 1025 1479 mundo
1049 1421 1216 1500 regeretur
1240 1415 1388 1500 abipso:

448 1509 477 1580 d
500 1521 569 1586 fata
591 1540 719 1606 quoque
742 1526 775 1584 et
797 1520 882 1585 uitas
904 1520 1071 1586 hominum
1096 1522 1264 1607 suspendit
1287 1522 1327 1587 ab
1350 1522 1455 1603 astris,

498 1650 581 1714 quae
605 1649 747 1693 summas
771 1648 905 1713 operum
929 1635 1047 1713 partes,
1072 1650 1156 1715 quae
1178 1629 1260 1694 lucis
1281 1630 1447 1712 honorem,

460 1758 584 1823 ecquae
606 1736 728 1800 famam
752 1742 943 1817 assererent,
968 1758 1051 1821 quae
1075 1758 1252 1822 numquam
1276 1737 1361 1801 fessa
1384 1738 1546 1818 uolarent;

501 1866 584 1929 quae
607 1844 699 1929 quasi
723 1865 782 1929 per
804 1844 945 1908 mediam
969 1844 1082 1908 mundi
1105 1844 1294 1929 praecordia
1317 1850 1443 1930 partem

501 1953 656 2038 disposita
678 1952 852 2032 obtineant,
877 1950 1047 2016 Phoebum
1071 1952 1244 2039 lunamque
1268 1973 1434 2038 uagasque

502 2067 534 2124 et
555 2061 688 2124 uincent
710 2060 818 2124 stellas
842 2080 901 2123 uec
926 2081 990 2124 uon
1014 2061 1187 2125 uincantur
1210 2068 1243 2125 et
1265 2062 1343 2146 ipsa.

500 2168 550 2231 his
573 2169 717 2253 regimen
741 2174 857 2231 natura
880 2167 968 2232 dedit
991 2169 1202 2253 propriasque
1225 2169 1366 2234 sacrauit

459 2276 674 2360 ssuuicuique
697 2276 785 2340 uices
809 2276 978 2360 sanxitque
1001 2298 1061 2362 per
1083 2277 1201 2359 omnia,
1226 2298 1386 2341 summam

500 2384 642 2469 undique
665 2384 711 2447 uti
735 2383 793 2447 fati
818 2383 898 2448 ratio
922 2384 1105 2448 traheretur
1128 2385 1160 2448 in
1185 2405 1292 2449 uuam.

501 2513 576 2556 nam
600 2493 825 2576 quodcumque
849 2513 952 2576 genus
975 2513 1095 2573 rerum,
1119 2492 1345 2577 quodcumque
1368 2492 1526 2576 laborum,

502 2619 648 2685 quaeque
673 2619 771 2684 opera
795 2606 891 2685 atque
915 2606 1011 2681 artes,
1035 2601 1230 2685 quicumque
1254 2600 1444 2685 peremnia
1467 2622 1560 2665 casus

501 2706 645 2770 humana
667 2707 699 2770 in
724 2707 791 2770 uita
813 2713 963 2791 poterant
986 2709 1173 2792 contingere
1197 2714 1293 2791 sorte,

459 2837 487 2880 io
501 2813 669 2899 complexa
684 2811 741 2878 'est
763 2819 810 2877 tot
832 2821 864 2878 et
886 2816 919 2878 in
943 2821 1062 2900 partes,
1085 2821 1163 2900 quot
1186 2822 1218 2880 et
1240 2822 1328 2881 astra
1351 2817 1482 2898 locarat,

502 2921 658 3007 disposuit
681 2927 849 3006 certasque
873 2923 970 3002 uices,
995 2943 1055 2986 sua
1077 2924 1210 2987 uomina
1233 2925 1349 3008 cuique

502 3029 647 3094 attribuit
670 3034 837 3113 totumque
859 3028 999 3093 hominis
1022 3051 1081 3115 per
1103 3031 1209 3095 sidera
1232 3052 1365 3096 censum

502 3136 614 3201 ordine
637 3137 697 3202 sub
721 3142 807 3201 certo
831 3136 932 3220 duxit,
956 3158 1031 3222 pars
1055 3159 1183 3225 semper
1206 3145 1242 3203 ut
1264 3139 1368 3204 eidem

501 3244 636 3309 confinis
659 3245 743 3330 parti
766 3244 881 3310 uicinis
904 3251 1004 3309 staret
1026 3246 1060 3310 iu
1083 3246 1180 3311 aruis.

461 3352 616 3419 roborum
640 3373 774 3438 operum
798 3359 900 3417 sortes
923 3353 964 3418 ad
988 3354 1115 3440 singula
1138 3355 1231 3441 sigua
1253 3355 1382 3438 locauit,

500 3481 564 3523 uon
589 3466 625 3524 ut
646 3460 679 3524 iu
703 3466 837 3525 aeterua
860 3462 941 3526 caeli
964 3461 1102 3526 statione
1126 3468 1296 3528 manerent

501 3573 534 3632 et
556 3574 689 3633 cunctos
710 3568 878 3634 homiuum
900 3570 1023 3655 pariter
1045 3571 1250 3636 traherentur
1272 3571 1304 3636 iu
1329 3578 1418 3638 crtus

502 3696 541 3739 ex
564 3675 687 3740 eisdem
710 3677 846 3761 repetita
868 3676 961 3758 lecis3
986 3677 1043 3742 sed
1066 3683 1211 3763 tempore
1234 3679 1327 3743 sedes
1352 3672 1357 3680 ’

501 3788 689 3847 nascentum
713 3784 897 3868 acciperent
918 3786 1066 3869 proprias
1089 3786 1253 3871 signisque
1276 3787 1464 3871 migrarent,

460 3914 487 3957 sc
502 3896 599 3975 atque
622 3890 701 3954 alias
724 3890 780 3954 alii
805 3911 874 3955 sors
897 3912 1045 3976 quaeque
1068 3893 1238 3957 accederet
1260 3900 1357 3976 astro,

447 4102 482 4157 52
497 4102 636 4172 flammam
654 4103 808 4173 undamque
821 4103 857 4172 lg
871 4103 1060 4173 flammamque
1074 4120 1124 4161 cm
1143 4134 1175 4143 —
1191 4106 1225 4161 54
1243 4098 1414 4176 martel
1433 4107 1583 4179 maeatis
1596 4123 1649 4177 gru

296 4204 521 4271 ,ριῳηαπΐωο
549 4230 581 4238 -
608 4204 642 4257 55
670 4202 808 4258 altnae
834 4232 867 4240 -
893 4204 927 4258 56
953 4217 1094 4259 comarco
1123 4233 1155 4241 —
1185 4204 1220 4259 60
1246 4195 1425 4273 adsererml
1452 4204 1649 4261 summm

340 4302 521 4367 assererentg
537 4328 572 4337 -
590 4301 624 4353 62
643 4300 759 4369 deposita
773 4316 800 4355 m
819 4317 935 4371 aequone
949 4316 976 4355 ru
994 4331 1028 4340 -
1047 4304 1081 4357 63
1094 4303 1222 4358 euicerunt
1234 4317 1262 4357 m
1284 4306 1313 4358 ct
1326 4303 1477 4359 cinerato>
1500 4295 1650 4358 uinciturl

340 4398 502 4453 uinciturm
521 4397 744 4469 aimcnmrg-
759 4402 793 4454 65
809 4399 1010 4470 mmuitqacru
1027 4418 1081 4469 per
1099 4415 1185 4457 cmc
1203 4418 1307 4457 mmma
1321 4417 1338 4457 o
1353 4404 1432 4457 -66
1450 4388 1524 4470 aiil
1541 4401 1649 4471 aagm

340 4500 405 4551 otc
430 4496 557 4564 summo
583 4511 707 4551 uncmo
741 4527 772 4535 —
807 4500 840 4552 67
868 4497 1015 4553 nomam
1051 4528 1081 4537 -
1115 4502 1149 4556 68
1176 4514 1382 4570 qucccmsqucg
1415 4533 1448 4542 -
1481 4502 1515 4554 69
1542 4502 1650 4569 sortcg

340 4598 475 4649 sortemo
500 4623 530 4631 -
557 4595 592 4649 70
614 4600 651 4649 tot
672 4594 857 4663 inpertcslc
887 4596 1078 4666 totetingm
1106 4596 1278 4666 quodctlru
1306 4601 1404 4667 quotg
1426 4601 1592 4654 uocarunto
1615 4626 1648 4635 -

342 4695 371 4747 71
397 4692 740 4761 respcmitonominao
767 4722 799 4730 -
827 4693 1043 4763 isseidcmgm
1069 4694 1305 4750 ideam-74
1330 4695 1488 4765 eruislgc
1514 4694 1648 4751 autrum

342 4791 434 4860 (u1u2
451 4790 493 4859 v,)
513 4819 546 4827 -
566 4793 599 4845 76
617 4791 748 4847 cadeatic
771 4786 915 4849 momdtl
933 4821 968 4830 —
987 4795 1020 4848 77
1043 4793 1229 4863 trohmtmg
1249 4821 1281 4832 -
1302 4794 1337 4848 '18
1358 4792 1460 4849 hisdem
1477 4792 1514 4864 lg
1532 4792 1615 4849 iodea
1633 4808 1649 4849 c

341 4887 438 4943 amon
453 4903 483 4944 m
504 4916 537 4927 -
556 4892 591 4945 80
608 4889 679 4946 alicu
694 4905 780 4947 corso
799 4919 834 4931 -
853 4892 884 4946 iu
902 4906 993 4962 marg.
1011 4890 1022 4946 l
1042 4892 1159 4961 siguum
1179 4890 1350 4948 mendacin
1371 4906 1390 4962 g
1408 4891 1515 4948 lacuna
1530 4888 1561 4962 iit!
1581 4894 1649 4961 post

341 4986 412 5042 aliua
433 5017 463 5024 -
483 4990 593 5042 ostreo.

1543 5098 1578 5152 5.
