4134 5834
939 581 1025 640 ldber
1043 581 1090 640 lv.
1128 584 1260 640 ‘lt-loe,

565 823 593 868 rs
606 821 686 866 cura
708 805 813 880 nocet,
836 820 963 865 cessero
986 800 1087 881 iuuat,
1111 820 1204 865 mora
1225 820 1323 885 saepe
1345 800 1506 865 malorum

606 909 662 973 dat
684 930 809 988 causas,
831 908 1030 992 laeduntque
1054 907 1127 989 cibi,
1150 912 1353 993 parcuntque
1376 927 1512 973 nenena.

605 1016 806 1101 degenerant
827 1015 894 1081 nati
918 1013 1064 1101 patribus
1087 1014 1287 1099 uincuntque
1310 1019 1462 1100 parentes

606 1124 836 1210 ingeniumque
859 1145 954 1189 auum
977 1121 1132 1203 retinent3
1156 1122 1335 1207 transitque
1357 1143 1417 1208 per
1438 1122 1540 1205 illum,

606 1252 645 1296 ex
669 1231 724 1297 illo
747 1231 879 1297 lemnus
902 1230 1001 1296 uenit.
1047 1230 1126 1296 furit
1148 1230 1231 1295 alter
1253 1251 1365 1296 amore

565 1363 593 1406 eo
606 1346 639 1406 et
661 1346 795 1425 pontum
819 1346 988 1404 transnare
1010 1344 1117 1424 potest
1139 1344 1173 1403 ot
1195 1344 1323 1403 uertere
1346 1337 1494 1419 Troiam3

606 1447 740 1513 alterius
762 1446 853 1512 frons
876 1452 925 1511 est
947 1445 1127 1511 scribendis
1149 1445 1276 1532 legibus
1299 1451 1385 1532 apte.

605 1576 680 1620 ecce
702 1560 829 1641 patrem
851 1554 919 1619 nati
942 1553 1116 1639 perimunt,
1140 1558 1299 1638 natosque
1322 1559 1483 1639 parentes,

607 1669 784 1747 mutuaque
807 1660 923 1726 armati
946 1666 1064 1726 coeunt
1086 1660 1121 1725 in
1145 1660 1282 1725 uulnera
1303 1660 1430 1726 fratres.
1475 1728 1477 1733 ,

583 1791 670 1846 ,nou
695 1775 840 1834 nostrum
863 1768 925 1833 hoc
947 1767 1070 1833 bellum
1092 1774 1156 1848 est3
1181 1774 1340 1853 coguntur
1363 1772 1454 1832 tanta
1476 1768 1600 1833 moueri

565 1878 704 1962 asiaque
727 1896 803 1941 suas
826 1874 905 1942 ferri
927 1892 1049 1961 poenas
1071 1874 1310 1960 lacerandaque
1332 1873 1488 1940 membra

606 1984 692 2069 quod
717 1982 836 2049 Decios
859 2003 925 2048 non
948 2003 1044 2047 omne
1068 1982 1151 2065 tulit,
1175 2003 1241 2047 non
1264 2003 1360 2047 omne
1384 1980 1537 2047 Camillos

606 2100 733 2178 tempus
756 2097 790 2156 et
810 2089 934 2156 inuicte
956 2088 1121 2155 deuictum
1144 2096 1247 2155 morte
1272 2088 1440 2170 Catonem,

608 2199 759 2265 materies
782 2199 907 2263 in⁴rem
932 2204 1074 2284 superat,
1098 2197 1154 2264 sed
1178 2198 1250 2283 lege
1273 2207 1442 2283 repugnat.

607 2314 640 2372 et
662 2328 768 2391 neque
791 2311 966 2392 paupertas
988 2306 1155 2371 breuiores
1178 2306 1298 2391 excipit
1320 2326 1433 2387 annos,

565 2437 593 2482 eo
607 2436 666 2479 uec
689 2420 765 2479 sunt
786 2413 942 2478 inmensis
965 2413 1082 2499 opibus
1105 2413 1235 2479 uenalia
1257 2412 1341 2493 fata3

606 2521 664 2586 sed
686 2521 773 2607 rapit
795 2541 834 2584 ex
858 2525 943 2585 tecto
966 2521 1065 2585 funus
1087 2519 1220 2586 fortuna
1241 2519 1382 2606 superbo

606 2628 782 2713 indicitque
805 2649 920 2713 rogum
943 2626 1079 2693 summis
1101 2628 1278 2714 statuitque
1301 2628 1494 2714 sepulcrum.

606 2742 763 2821 quantum
786 2735 920 2801 esthon
942 2755 1090 2820 regnum,
1113 2735 1200 2820 quod
1223 2735 1356 2821 regibus
1379 2735 1517 2820 imporat
1539 2732 1630 2819 ipsis!

606 2843 684 2928 quin
707 2843 805 2908 etiam
828 2840 939 2907 infelix
961 2841 1064 2907 uirtus
1088 2849 1121 2908 et
1142 2842 1240 2908 noxia
1262 2842 1351 2922 felix,

566 2973 593 3018 oe
607 2958 640 3014 et
663 2950 747 3015 male
770 2951 924 3017 consultis
948 2950 1088 3037 pretium
1112 2956 1171 3034 est,
1195 2949 1368 3036 prudentia
1390 2949 1484 3030 fallit,

606 3079 666 3123 uec
690 3059 820 3124 fortuna
842 3059 959 3146 probat
981 3080 1097 3123 causas
1119 3058 1330 3144 sequiturque
1353 3056 1518 3137 merentis,

607 3165 663 3231 aed
688 3188 773 3252 uaga
795 3188 854 3252 per
877 3173 1009 3231 cunctos
1032 3166 1121 3231 nullo
1145 3165 1332 3231 discrimine
1355 3164 1468 3230 fertur.

606 3273 729 3338 scilicet
752 3280 801 3338 est
823 3274 920 3348 aliud,
945 3274 1030 3357 quod
1055 3295 1114 3339 nos
1137 3279 1297 3359 cogatque
1320 3279 1488 3357 regatque,

608 3380 711 3445 maius
735 3388 767 3446 et
789 3381 821 3445 in
846 3381 993 3466 propriae
1017 3379 1114 3445 ducat
1136 3381 1288 3446 mortalia
1310 3381 1398 3465 leges

555 3511 594 3553 100
608 3488 825 3572 attribuatque
849 3509 924 3552 suos
947 3509 987 3551 ex
1010 3508 1046 3551 se
1069 3487 1276 3553 nascentibus
1300 3509 1403 3553 anuos

606 3592 821 3679 fortunaeque
844 3596 947 3674 uices3
970 3595 1142 3680 permiscet
1166 3617 1262 3681 saepe
1285 3595 1429 3661 ferarum

608 3722 744 3787 corpora
766 3723 840 3767 cum
865 3702 1018 3767 membris
1042 3702 1225 3783 homiuum3
1249 3724 1314 3768 non
1338 3703 1470 3767 seminis
1493 3701 1547 3766 illo

607 3816 719 3894 partus
742 3810 817 3875 erit:
842 3809 920 3894 quid
943 3809 1029 3874 enim
1054 3810 1148 3874 nobis
1172 3830 1342 3874 commune
1365 3808 1530 3894 ferisque?

607 3916 722 3999 quisue
746 3918 778 3981 in
803 3918 943 4002 portenti
968 3938 1086 3981 noxam
1109 3918 1252 4001 peccarit
1275 3915 1421 3981 adulter?

555 4045 593 4086 ms
608 4029 695 4087 astra
719 4030 842 4088 nonant
864 4024 997 4103 formes,
1019 4023 1211 4108 caelumque
1234 4024 1397 4089 interserit
1420 4045 1486 4088 ora.

608 4129 748 4215 deniquo
772 4132 797 4196 si
823 4151 886 4194 nou
911 4136 970 4208 eet,
993 4129 1052 4193 lati
1076 4152 1134 4195 cur
1156 4132 1294 4195 traditur
1316 4130 1405 4214 ordo,

555 4316 591 4369 ld
612 4333 675 4384 sepe
688 4314 730 4370 lm
757 4343 788 4352 -
813 4317 846 4367 76
867 4315 934 4381 dopt
944 4312 988 4367 lm
1012 4343 1047 4351 -
1070 4316 1104 4369 77
1125 4316 1289 4372 dmoni
1302 4331 1330 4371 m
1355 4344 1387 4353 -
1411 4319 1446 4372 18
1464 4334 1546 4372 mum
1564 4317 1709 4372 amunte
1728 4343 1762 4352 —

449 4413 482 4465 10
501 4412 584 4468 exilio
597 4427 626 4467 m
641 4442 673 4451 —
687 4415 722 4467 80
739 4417 886 4468 tremore
898 4410 966 4479 lgm
987 4414 1125 4468 canarno
1144 4418 1252 4470 κατέαγε
1264 4430 1281 4470 0
1295 4443 1328 4452 -
1341 4416 1374 4469 81
1393 4431 1474 4485 sycas
1487 4429 1515 4469 m
1530 4442 1563 4452 -
1576 4415 1612 4469 84
1625 4414 1763 4482 Μυονία

450 4513 630 4565 emunctores
645 4538 675 4547 -
691 4512 724 4564 80
740 4505 832 4577 ‘'mqorc
845 4508 854 4563 1
872 4527 949 4564 mono
962 4524 989 4563 m
1004 4538 1035 4546 -
1051 4513 1084 4565 81
1098 4512 1203 4567 inuicta
1217 4514 1353 4568 deuictum
1366 4529 1384 4566 o
1401 4542 1434 4551 -
1448 4515 1483 4568 88
1501 4510 1614 4568 inreml
1631 4513 1720 4567 uircm
1733 4526 1762 4566 m

448 4609 495 4662 scd
514 4607 601 4678 inleqe
614 4606 622 4660 l
651 4608 697 4660 sed
718 4607 802 4676 lepore
820 4621 848 4661 m
869 4608 923 4676 leffe
941 4613 1077 4677 repugnat
1094 4624 1135 4677 gc
1157 4643 1192 4651 —
1216 4612 1251 4664 90
1268 4609 1400 4665 inmersis
1412 4624 1465 4679 gm
1494 4644 1529 4651 -
1553 4612 1584 4664 91
1609 4614 1730 4680 conceptos
1745 4624 1763 4664 c

449 4706 538 4774 sumis
552 4720 579 4759 m
599 4704 724 4775 superbos
742 4718 758 4757 o
779 4732 812 4740 -
832 4706 865 4758 00
884 4721 967 4759 causa
983 4720 1012 4760 m
1032 4709 1160 4762 moestis
1176 4723 1204 4761 m
1224 4713 1354 4764 mermes
1371 4724 1393 4759 u
1413 4737 1446 4746 -
1474 4710 1524 4765 100
1541 4709 1728 4777 attritumque
1745 4720 1763 4762 o

449 4816 758 4860 maecenatem·
778 4803 821 4856 101
837 4803 1007 4872 permisceto
1026 4831 1059 4840 -
1076 4803 1352 4861 lOlnonsuuousm
1370 4787 1574 4876 -103qeldl
1593 4807 1764 4861 mutam-

452 4904 500 4958 101
522 4902 691 4971 inportmto
713 4927 744 4937 -
767 4899 816 4955 105
835 4901 902 4956 liora
914 4899 981 4957 lmc
999 4917 1083 4972 orcg
1103 4931 1132 4941 -
1157 4902 1206 4957 106
1226 4904 1343 4973 dcccque
1356 4918 1385 4959 m
1403 4906 1493 4960 oderit
1503 4918 1529 4959 0.
