4134 5834
925 603 1011 661 Liber
1030 605 1052 661 Ι.
1088 606 1238 662 too-434.

587 828 724 887 euentus
747 822 879 908 frugum
904 821 1011 887 uarios
1035 831 1069 887 et
1091 830 1237 908 tempora
1261 821 1381 902 dicunt,

588 952 736 1015 quaeque
760 929 910 994 ualetudo
934 931 1056 1012 ueniat,
1081 930 1253 994 concordia
1277 936 1413 1014 quanta3

532 1038 673 1103 nobella
695 1037 773 1101 iacit
796 1058 975 1122 pacemque
999 1037 1100 1102 refert
1122 1037 1277 1122 uarioque
1301 1043 1468 1102 reuertens

588 1147 633 1209 sic
657 1151 777 1224 mouet,
803 1152 837 1208 ut
861 1145 943 1209 uidit
965 1145 1133 1224 mundum,
1158 1145 1314 1229 uultuque
1338 1145 1507 1229 gubernat.

587 1273 707 1336 magna
730 1252 810 1316 fides
834 1253 894 1316 hoc
915 1274 1011 1338 posse
1035 1254 1122 1317 color
1146 1273 1324 1336 cursusque
1348 1253 1498 1317 micantis

587 1362 619 1424 in
643 1360 844 1424 404140οε44144
868 1360 936 1424 soie
960 1360 1076 1442 minor,
1100 1359 1162 1424 nisi
1186 1359 1273 1444 quod
1297 1360 1408 1444 procul
1432 1360 1570 1423 haerens

587 1467 704 1551 frigida
727 1467 877 1532 caerulco
902 1473 1094 1552 contorquet
1116 1467 1240 1531 lumina
1265 1466 1366 1530 uultu.

536 1582 698 1641 4400010444
721 1575 897 1639 uincuntur
919 1576 1037 1660 specie,
1062 1596 1122 1639 nec
1146 1575 1264 1638 clarius
1289 1581 1411 1639 astrum

588 1684 745 1767 tinguitur
768 1704 890 1748 oceano
914 1684 1083 1747 coelumne
1108 1684 1220 1746 reuisit
1243 1684 1283 1748 ab
1308 1683 1414 1748 undis.

588 1799 656 1855 tuin
679 1812 821 1876 procyon
846 1791 1005 1875 ncloane
1026 1791 1131 1876 lepus,
1156 1797 1224 1854 tuni
1248 1791 1366 1854 nobilis
1391 1812 1468 1874 argo

496 1900 500 1909 “
587 1899 619 1961 in
643 1899 769 1962 caelum
793 1898 951 1962 subducta
975 1899 1068 1980 inari,
1093 1898 1179 1982 qnod
1202 1897 1308 1982 prima
1332 1898 1482 1977 cucurrit,

587 2006 757 2070 emeritum
781 2005 908 2089 maguis
932 2006 1089 2070 mundum
1114 2012 1200 2069 tonet
1225 2012 1297 2070 acta
1320 2006 1449 2090 periclis

533 2136 574 2176 444
588 2113 748 2176 seruando
772 2113 833 2176 dea
857 2113 944 2176 facta
967 2113 1054 2177 deos.
1103 2114 1154 2177 cui
1178 2114 1344 2198 proximus
1369 2113 1483 2198 anguis

587 2241 742 2304 squamea
765 2220 927 2305 dispositis
950 2221 1095 2285 imitatur
1118 2221 1241 2285 lumina
1265 2221 1414 2285 flammis.

588 2334 620 2391 ct
643 2326 774 2392 Phoebo
799 2349 891 2392 sacer
914 2329 981 2392 ales
1004 2335 1037 2392 ct
1060 2350 1125 2392 una
1149 2334 1260 2412 gratus
1283 2328 1400 2392 laccho

588 2443 693 2498 crater
716 2442 747 2497 et
771 2435 891 2519 duplici
916 2443 1088 2500 centaurus
1111 2436 1253 2521 imagine
1278 2435 1389 2520 fulget,

588 2564 661 2620 pars
685 2543 835 2622 hominis,
860 2549 951 2626 tergo
975 2553 1087 2627 pectus
1112 2544 1302 2607 commissus
1325 2542 1453 2627 equino.

533 2674 574 2714 420
588 2651 687 2736 ipsius
710 2649 785 2713 hinc
810 2651 930 2714 inundo
955 2651 1112 2735 templum
1136 2658 1195 2731 est,
1219 2652 1400 2735 uictrixque
1424 2652 1537 2716 solutis

585 2778 641 2821 ara
665 2758 746 2821 uitet
769 2758 879 2837 sacris,
904 2764 1012 2821 uastos
1038 2779 1110 2822 cnm
1135 2765 1221 2823 terra
1245 2759 1393 2844 gigantes

533 2888 573 2928 444
588 2864 752 2928 discordes
776 2864 866 2927 uultu
891 2866 1115 2950 permixtaque
1139 2887 1275 2950 corpora
1299 2872 1394 2951 partu

587 2972 620 3034 in
644 2972 768 3035 caelum
793 2971 968 3037 furibunda
991 2972 1073 3037 tulit.
1121 2979 1189 3036 tuni
1213 2973 1246 3037 di
1269 2994 1398 3057 quoque
1422 2994 1558 3056 magnos

588 3079 778 3164 quaesiuere
802 3079 894 3158 dc0s3
918 3079 1079 3144 dubitauit
1102 3079 1248 3164 Iuppiter
1271 3080 1340 3163 ipsc

587 3186 673 3271 quod
697 3193 822 3271 poterat
846 3208 911 3250 non
934 3208 1028 3271 posse
1054 3187 1181 3267 timens,
1208 3207 1280 3249 cunr
1304 3208 1436 3269 surgere
1460 3193 1580 3250 terram

534 3318 573 3358 424
588 3301 745 3375 cerneret,
769 3299 804 3357 ut
828 3295 910 3358 uerti
934 3301 1085 3357 naturam
1109 3292 1256 3357 crederet
1280 3314 1419 3375 onmem,

587 3402 750 3466 montibus
775 3407 871 3484 atque
896 3401 969 3465 altis
994 3406 1144 3484 aggestos
1168 3422 1313 3466 crescere
1337 3409 1473 3480 montes,

587 3517 709 3573 ettam
733 3507 857 3571 uicinos
881 3507 1039 3592 fugientia
1064 3508 1171 3572 sidera
1195 3508 1301 3574 collos.

534 3640 573 3680 4244
589 3633 684 3678 arma
708 3612 925 3695 importunior
950 3615 980 3676 ct
1004 3617 1107 3695 rupta
1130 3618 1236 3677 4440140
1261 3618 1396 3696 creatos,

429 3773 433 3784 .
533 3748 573 3788 440
588 3723 725 3788 necdum
750 3721 940 3807 pestiferum
964 3723 1025 3787 sibi
1050 3745 1243 3808 quemquam
1269 3730 1326 3788 aut
1348 3725 1483 3789 numina
1507 3731 1624 3788 norant

588 3832 613 3895 si
638 3853 702 3916 qua
725 3830 833 3894 forent
856 3831 979 3894 maiora
1003 3832 1079 3895 suis.
1129 3839 1203 3895 tunc
1227 3831 1374 3917 luppiter
1396 3853 1473 3896 arae

587 3940 694 4004 sidera
718 3940 893 4019 constituit,
917 3960 1001 4023 quoe
1024 3960 1110 4003 nunc
1135 3961 1263 4024 quoque
1288 3940 1428 4004 maxima
1452 3939 1587 4023 fulgent.

588 4068 684 4131 quarn
710 4053 841 4132 proptor
866 4047 972 4131 pristis
997 4048 1195 4111 conuoluens
1220 4069 1375 4133 suqamea
1399 4054 1490 4132 terga

588 4155 720 4219 orbibus
744 4155 882 4240 insurgit
905 4156 999 4218 tortis
1023 4162 1055 4217 et
1079 4156 1212 4218 fluctuat
1235 4155 1319 4220 441440.

534 4352 587 4405 403
610 4350 749 4419 4100404144
771 4351 813 4419 tin
836 4351 947 4417 rasura)
971 4350 1102 4404 4110444404
1123 4380 1153 4387 —
1175 4350 1227 4405 404
1247 4352 1402 4407 0014104100
1426 4381 1456 4388 -
1483 4351 1535 4406 409
1558 4348 1740 4405 4410244401-

426 4451 478 4504 411
500 4452 592 4503 tanco
610 4448 766 4517 prochiouo
785 4450 896 4517 limusg
915 4449 990 4516 1244440
1007 4463 1029 4499 04
1051 4477 1082 4485 -
1102 4452 1154 4504 414
1172 4450 1279 4519 periclis
1297 4465 1313 4503 o
1333 4447 1543 4517 (praecopii)
1567 4477 1603 4485 —
1621 4450 1674 4502 416
1692 4464 1742 4501 nra

428 4552 524 4603 144441444-
550 4563 578 4601 m
607 4546 649 4611 (in
682 4560 772 4614 marg.
801 4547 884 4611 corr.)
915 4576 946 4583 -
976 4549 1027 4600 419
1054 4549 1200 4603 omonimus
1217 4548 1261 4601 1444
1293 4576 1322 4583 -
1350 4547 1402 4601 410
1427 4547 1469 4600 bic
1488 4546 1528 4601 lm
1556 4546 1619 4601 tinc
1639 4560 1679 4614 gc
1707 4574 1740 4582 -

426 4649 476 4700 441
499 4646 621 4715 9494444104
643 4660 669 4697 444
695 4648 723 4709 (a
747 4659 782 4698 04
804 4644 815 4697 i
840 4660 912 4699 0044.
933 4643 965 4707 L)
986 4643 1105 4713 manos
1124 4664 1145 4695 40
1177 4674 1206 4682 -
1236 4646 1287 4698 412
1313 4645 1447 4698 1444444140
1477 4674 1507 4681 -
1539 4647 1680 4700 415410
1707 4673 1739 4681 -

427 4748 479 4799 42ss
498 4744 589 4799 oliiso
614 4772 646 4779 —
670 4741 722 4796 427
742 4742 845 4798 cadeso
873 4772 905 4780 -
929 4746 982 4797 428
1003 4742 1173 4812 importantia
1190 4757 1218 4795 m
1237 4741 1416 4810 importamus
1434 4760 1455 4793 ω
1475 4746 1502 4796 et
1517 4759 1534 4797 o
1552 4745 1652 4797 coactos
1669 4757 1688 4810 g
1707 4770 1740 4778 -

426 4845 478 4898 429
499 4842 578 4895 44441144
598 4855 614 4894 0
633 4828 740 4909 corpori
759 4856 787 4894 444
806 4843 939 4908 4244414400
960 4870 991 4877 -
1013 4839 1238 4909 430140441400044
1259 4857 1275 4893 44
1294 4842 1344 4894 aut
1362 4840 1533 4921 0444111044ὶο
1552 4842 1654 4896 44040441
1670 4854 1686 4894 0
1707 4868 1739 4876 -

426 4941 475 4996 431
492 4940 549 4995 suis
560 4939 651 4995 04444441
662 4943 688 4993 ct
699 4957 746 4993 ore
760 4956 786 4993 444
806 4941 849 5004 tiu
865 4954 955 5007 marg.
970 4943 1054 5001 corr.)
1074 4967 1106 4975 -
1126 4942 1177 4993 432
1193 4939 1301 5007 fulgent
1317 4954 1333 4994 0
1352 4968 1382 4976 -
1400 4936 1452 4993 434
1467 4922 1553 4994 tortia
1565 4937 1576 4992 l
1590 4939 1666 4993 tortis
1678 4952 1741 5006 gur.
