4134 5834
852 641 937 697 Liber
956 640 976 697 1.
1014 643 1164 697 559-587.

512 859 640 944 singula
664 879 737 922 curn
761 863 886 922 tautum
911 863 1044 923 teneant
1066 864 1221 943 tantoque
1245 857 1392 923 ferantur

458 974 672 1052 sootempore3
696 988 753 1030 sex
776 973 844 1030 tota
867 966 1033 1050 surgentia
1056 967 1163 1030 sidera
1186 967 1257 1029 luce

810 1089 828 1128 2
937 1092 953 1129 r
1063 1090 1080 1128 =t⁴
1189 1090 1206 1127 111

566 1186 666 1245 restat
689 1187 724 1244 ut
747 1180 907 1245 aetherios
930 1181 1011 1244 fines
1036 1180 1094 1244 tibi
1118 1179 1254 1244 reddere
1278 1200 1375 1243 coner

495 1289 632 1368 ‘filaque
657 1287 819 1372 dispositis
843 1287 967 1352 uicibus
991 1288 1179 1351 comitantia
1202 1286 1337 1363 caelum,

458 1416 570 1480 5oepcr
594 1416 677 1480 quae
700 1394 851 1479 dirigitur
873 1395 1040 1478 signorum
1065 1394 1234 1458 flammeus
1258 1394 1346 1457 ordo.

458 1526 497 1567 555
512 1503 650 1566 circulus
674 1502 715 1566 ad
739 1502 871 1566 boream
895 1501 1049 1586 fulgentis
1074 1502 1210 1566 sustinet
1234 1507 1339 1565 arctos

512 1631 632 1694 sexque
655 1609 740 1694 fugit
761 1608 881 1672 solidas
904 1629 924 1671 a
947 1608 1029 1672 caeli
1052 1609 1174 1672 uertice
1196 1614 1315 1693 partes.

512 1716 658 1781 altered
682 1716 818 1780 extremi
841 1715 1016 1779 decurrens
1040 1715 1147 1779 sidera
1171 1716 1289 1795 cancri,

511 1824 544 1887 iu
569 1845 632 1907 quo
656 1829 860 1887 consummat
883 1822 1034 1886 Phoebus
1058 1824 1229 1907 lucemque
1252 1844 1442 1907 moramque

457 1954 497 1995 555
511 1931 668 2015 tardaque
691 1951 750 2016 per
772 1930 885 2014 longos
910 1930 1097 1994 circumfert
1119 1929 1243 1994 lumina
1265 1930 1379 2011 flexus,

511 2038 654 2101 aestiuus
677 2037 784 2100 medio
809 2058 925 2100 nomen
950 2037 1011 2100 sibi
1035 2038 1134 2101 sumit
1157 2038 1197 2101 ab
1222 2044 1313 2101 aestu

419 2144 421 2146 ’
511 2145 665 2230 temporie
689 2150 721 2207 et
744 2144 836 2208 titulo
860 2145 981 2229 potitur
1005 2152 1189 2229 metamque
1212 2145 1353 2211 uolantis

512 2253 587 2316 solis
611 2258 643 2315 et
666 2257 828 2316 extremos
851 2253 1000 2336 designat
1022 2253 1167 2316 feruidus
1192 2259 1283 2317 actus

512 2365 544 2423 et
567 2360 709 2443 quinque
733 2358 766 2423 in
790 2365 898 2444 partes
922 2361 1082 2445 aquilonis
1107 2360 1204 2423 distat
1227 2361 1268 2424 ab
1292 2361 1379 2426 orbe.

456 2489 497 2531 555
511 2468 625 2531 tertius
648 2467 682 2529 in
707 2466 814 2530 media
837 2467 950 2531 mundi
973 2468 1106 2550 regione
1129 2467 1253 2532 locatus

510 2574 635 2658 ingenti
658 2595 753 2659 spera
776 2579 879 2639 totum
902 2574 1083 2658 praecingit
1106 2574 1281 2660 Olympum

510 2687 602 2766 parte
625 2681 666 2744 ab
691 2674 827 2766 utraque
853 2680 965 2744 uidene
989 2702 1094 2762 axem,
1119 2703 1182 2766 quo
1205 2682 1309 2746 limite
1334 2683 1485 2747 Phoebus

511 2788 676 2872 componit
699 2788 831 2872 paribus
855 2788 999 2851 numeris
1021 2795 1216 2873 noctemque
1241 2789 1391 2875 diemque

511 2894 598 2957 ueris
622 2900 654 2957 et
677 2894 823 2957 autumni
848 2915 980 2958 currens
1003 2916 1062 2979 per
1085 2901 1231 2980 tempora
1255 2898 1366 2977 mixta,
1391 2964 1393 2967 ,

457 3021 585 3065 seucum
610 3000 753 3065 medium
776 3001 906 3086 aequali
930 3001 1100 3085 distinguit
1122 3002 1223 3066 limite
1247 3004 1374 3068 caelum

511 3114 663 3194 quattuor
687 3115 719 3172 et
741 3109 896 3193 gradibus
921 3130 980 3172 sua
1002 3109 1058 3173 fila
1081 3108 1207 3173 reducit
1230 3111 1270 3175 ab
1295 3117 1395 3175 aestu.

511 3216 677 3301 proximus
700 3216 786 3280 hono
811 3216 897 3280 ultra
919 3215 1076 3280 brumalis
1100 3218 1230 3281 nomine
1253 3218 1346 3282 limos

511 3323 625 3387 ultima
648 3322 796 3407 designat
819 3323 973 3407 fugientis
996 3323 1121 3388 lumina
1145 3324 1222 3389 solis

511 3430 687 3514 inuidaquo
711 3430 842 3515 obliqua
866 3432 1030 3496 radiorum
1054 3452 1191 3496 munera
1213 3432 1345 3496 flamma

456 3560 496 3603 555
510 3537 566 3600 dat
589 3558 648 3622 per
671 3538 732 3602 iter
755 3538 924 3602 minimum
948 3540 1057 3619 nobis3
1082 3540 1139 3603 sed
1162 3538 1281 3605 finibus
1304 3539 1377 3620 illis,

512 3666 592 3729 quos
616 3666 714 3730 super
732 3645 888 3726 incubuit,
911 3646 1009 3730 longa
1032 3652 1119 3711 etant
1142 3653 1288 3732 tempora
1310 3649 1394 3728 luce,

510 3752 628 3837 uixque
651 3752 720 3816 dies
744 3754 859 3817 transit
882 3754 1073 3818 candentem
1098 3759 1228 3818 extenta
1251 3760 1469 3840 percoctum,

458 4056 510 4111 559
541 4054 620 4125 51555
650 4072 712 4109 cum
739 4071 769 4110 m
803 4085 836 4093 -
869 4061 936 4110 ante
962 4058 1028 4111 551:
1062 4056 1107 4111 Dc
1133 4056 1231 4111 5515νί5
1251 4056 1271 4125 1,
1294 4055 1373 4112 idem
1401 4058 1432 4113 in
1462 4070 1553 4127 marg.
1582 4073 1599 4114 5
1627 4074 1664 4114 m.

350 4169 406 4209 rec.
425 4168 467 4222 go
493 4153 538 4208 De
555 4151 663 4208 51555115
679 4152 813 4207 celestibus
831 4182 866 4191 -
889 4153 920 4207 dc
938 4153 1037 4208 coluris
1055 4170 1083 4209 m
1103 4155 1149 4223 (ul
1168 4154 1214 4223 u2)
1235 4183 1268 4191 -
1293 4156 1429 4223 posttea
1448 4160 1612 4224 sequuntur
1631 4186 1664 4196 -
1745 4181 1747 4185 ’

350 4255 403 4307 564
425 4251 543 4306 55555155
564 4267 583 4303 5
603 4266 709 4305 tamaro
730 4254 881 4306 5555555555
902 4252 1000 4306 uertice
1022 4252 1153 4307 mundam
1178 4254 1230 4307 565
1248 4257 1373 4320 permeat
1387 4254 1560 4322 Artqrtiloca
1572 4258 1667 4325 petens

345 4368 398 4421 per
422 4352 495 4419 55595
518 4347 642 4403 draconis
664 4348 694 4403 in
720 4364 737 4404 ο
771 4352 831 4404 tum
857 4350 886 4404 in
911 4366 940 4405 m
964 4350 1091 4420 (u1u2):
1120 4351 1196 4406 555a
1223 4352 1312 4421 taapit
1331 4355 1358 4405 et
1378 4352 1508 4421 criptnem
1531 4353 1666 4407 5155155555

348 4464 456 4503 minima
468 4445 563 4516 recidit
580 4446 657 4502 5651)
671 4464 768 4516 aerque
780 4448 852 4516 sapit
864 4448 960 4502 solidos
973 4448 1021 4503 ccli
1033 4449 1134 4503 uertice
1144 4452 1237 4516 parto
1251 4448 1326 4518 (sqq.
1338 4451 1389 4504 612
1404 4450 1613 4519 extremamque)
1632 4480 1665 4488 -

351 4550 434 4614 56⁶8
449 4545 478 4599 in
491 4558 585 4612 marg:
601 4544 901 4614 5155555115155555115
916 4546 968 4612 (m)
984 4575 1017 4583 —
1033 4549 1084 4601 566
1097 4547 1241 4616 [51555155
1252 4550 1375 4604 5555555
1392 4577 1424 4585 -
1439 4550 1490 4603 567
1505 4565 1524 4601 5
1536 4548 1615 4603 colio
1632 4578 1665 4586 —

351 4646 402 4699 571
415 4631 544 4699 5555555655
559 4660 585 4697 m
603 4644 770 4698 aeetiuamo
784 4674 815 4682 -
829 4647 881 4698 mr
900 4652 1051 4712 metuqueo
1071 4673 1103 4681 -
1121 4648 1173 4700 576
1191 4660 1300 4713 operae
1317 4679 1353 4687 —
1370 4648 1421 4727 577
1441 4661 1521 4714 queo
1539 4646 1666 4714 1555555551

351 4768 450 4823 cumam
462 4785 484 4820 5
497 4798 532 4806 -
545 4770 599 4822 sao
616 4768 717 4821 lumine
730 4783 749 4834 g
763 4796 795 4804 -
809 4771 858 4823 aar
877 4769 935 4836 555
950 4786 976 4823 ul
996 4772 1081 4836 (corr.
1100 4770 1130 4824 in
1152 4770 1254 4838 marg.)
1267 4798 1300 4807 -
1315 4724 1506 4842 maiiiiiiil
1526 4770 1624 4824 amem
1636 4785 1665 4825 m

353 4870 499 4936 tonpmag
521 4866 659 4935 cinpercac
689 4895 721 4903 -
749 4867 954 4933 5831555551
983 4865 1172 4934 (5511115555.)
1203 4869 1310 4923 1555555
1326 4882 1347 4918 ω
1376 4900 1410 4909 -
1438 4869 1490 4922 584
1516 4867 1666 4937 55515555

350 4962 516 5032 taunaco
534 4997 570 5005 —
589 4964 641 5019 565
659 4963 733 5019 uobis
751 4964 842 5032 glcm
862 4964 908 5032 (L)
926 4965 1046 5020 notiam
1065 4962 1120 5030 (11).

1558 5072 1596 5127 2.
