4134 5834
821 642 907 703 Liber
926 643 958 703 ll.
996 644 1148 703 490-519.

435 869 476 910 reo
490 845 653 930 Europam
676 846 771 910 dorso
795 847 987 911 retinentem
1012 869 1133 911 cornua
1157 848 1252 911 laeua

486 953 680 1038 indutusque
703 955 813 1018 lonist.
861 956 1064 1038 geminorum
1086 956 1214 1020 ducitur
1237 958 1324 1020 auris

489 1061 529 1124 ad
553 1061 704 1125 iuuenem
729 1069 879 1126 aeternas
901 1063 1089 1127 fundentem
1115 1064 1255 1147 piscibus
1280 1064 1382 1127 undas

488 1168 585 1252 inque
608 1170 694 1254 ipsos
717 1170 844 1233 animus
867 1172 972 1254 pisces
996 1170 1145 1256 oculique
1169 1172 1305 1236 leonem.

489 1297 605 1341 cancer
628 1283 660 1340 et
682 1278 818 1342 aduerso
843 1280 1051 1363 capricornus
1075 1278 1223 1344 conditus
1247 1287 1332 1344 astro

434 1405 474 1445 ns
488 1382 520 1446 iu
544 1390 647 1447 semet
670 1391 801 1449 uertunt
823 1385 942 1466 oculos,
967 1387 1000 1449 in
1024 1391 1136 1449 mutua
1159 1385 1295 1451 tendunt

488 1491 631 1570 auribus,
655 1500 687 1556 et
710 1494 819 1556 cancri
842 1498 990 1578 captatur
1013 1494 1166 1577 aquarius
1190 1502 1285 1559 astro.

488 1606 520 1662 el
543 1598 594 1664 leo
618 1620 691 1663 cum
715 1600 852 1683 geminis
877 1602 980 1664 aciem
1003 1602 1170 1685 coniungit
1193 1607 1225 1666 et
1248 1623 1360 1666 eurem

487 1714 641 1772 centauro
665 1708 806 1793 gemino,
831 1709 1011 1792 capricorni
1034 1708 1139 1794 diligit
1162 1715 1293 1773 astrum.

486 1813 627 1897 Erigone
651 1822 780 1879 taurum
804 1822 937 1900 spectet,
962 1816 1018 1880 sed
1043 1817 1191 1901 scorpion
1215 1817 1307 1880 audit

433 1944 473 1984 coo
487 1927 584 2006 etque
608 1921 788 2007 sagittifero
812 1929 947 1988 conatur
969 1929 1099 1988 nectere
1123 1924 1280 1988 fraudem.

485 2028 568 2093 libra
592 2050 666 2094 suos
689 2031 835 2114 sequitur
858 2052 971 2095 sensus
995 2031 1165 2116 solumque
1190 2031 1328 2096 uidendo

486 2137 667 2221 lanigerum
693 2144 789 2222 atque
813 2139 920 2203 animo
945 2140 1114 2222 complexe
1137 2144 1186 2202 est
1208 2139 1356 2223 scorpion
1380 2139 1474 2204 infre.

487 2243 541 2308 ille
566 2244 655 2308 uidet
677 2246 782 2329 pisces
806 2246 937 2330 oditque
960 2268 1018 2331 per
1042 2247 1151 2310 omnia
1173 2246 1298 2311 libram.

486 2374 545 2416 neo
569 2372 633 2415 non
657 2353 839 2417 arcitenens
862 2374 981 2438 magno
1005 2375 1118 2439 perere
1141 2353 1228 2418 leoni

432 2482 471 2523 sos
486 2461 617 2525 auribus
641 2468 738 2545 etque
762 2461 862 2524 oculis
886 2461 992 2525 sinum
1016 2461 1182 2525 fundentis
1207 2462 1318 2547 aquari

487 2569 674 2652 conspicere
698 2567 846 2632 adsueuit
867 2568 1032 2654 solamque
1057 2591 1096 2634 ex
1120 2570 1269 2634 omnibus
1293 2568 1386 2632 astris

485 2674 590 2758 diligit
612 2674 785 2759 Erigonen,
834 2683 947 2740 contra
970 2678 1178 2763 capricornus
1202 2677 1235 2740 in
1258 2677 1363 2760 ipsum

486 2783 646 2846 conuertit
668 2783 757 2848 uisus
781 2820 823 2827 -
849 2785 925 2868 quid
950 2785 1037 2848 enim
1060 2784 1230 2848 mirabitur
1254 2783 1307 2847 ille

486 2890 600 2971 maius,
625 2890 657 2953 in
682 2890 822 2975 Augusti
846 2892 924 2955 felix
948 2913 1021 2955 eum
1046 2890 1173 2955 fulserit
1196 2890 1321 2953 ortum?
1348 2927 1385 2935 -

432 3019 473 3061 sro
486 2998 617 3061 auribus
641 3005 673 3061 et
696 2999 814 3062 summi
838 3005 948 3084 captat
969 2999 1101 3083 fastigia
1124 2999 1241 3062 ceneri.

486 3112 520 3168 at
543 3106 648 3169 nudus
671 3105 809 3191 geminis
832 3106 970 3171 intendit
994 3106 1146 3191 aquarius
1170 3126 1282 3169 aurem

486 3213 721 3298 sublimemque
744 3214 822 3278 colit
846 3235 998 3278 cancrum
1023 3219 1211 3298 spectatque
1236 3213 1368 3277 reducta

486 3321 551 3383 tela
574 3322 754 3404 sagittiferi.
803 3322 907 3407 pisces
930 3323 971 3386 ad
995 3322 1143 3407 scorpion
1169 3342 1276 3386 acrem

485 3428 632 3491 direxere
656 3430 758 3493 aciem
783 3431 981 3515 cupiuntque
1006 3430 1173 3494 attendere
1198 3435 1335 3493 taurum.

432 3556 472 3597 515
485 3535 543 3599 has
568 3541 683 3600 natura
708 3538 795 3601 uices
820 3539 941 3617 tribuit,
966 3559 1066 3621 quum
1091 3538 1197 3601 sidera
1217 3537 1297 3600 fixit.

485 3643 534 3706 his
557 3644 618 3707 orti
642 3643 756 3709 similis
781 3646 925 3710 referunt
948 3667 1006 3730 per
1029 3651 1142 3709 mutue
1166 3665 1288 3721 seusus,

484 3750 597 3815 audire
621 3758 657 3815 ut
680 3752 812 3838 cupiant
835 3752 915 3817 alios
940 3753 1085 3837 aliosque
1111 3751 1231 3831 uidere,

485 3858 601 3923 horum
625 3858 708 3936 odio,
733 3881 819 3924 nunc
843 3860 957 3924 horum
981 3861 1068 3923 idem
1092 3859 1251 3922 ducantur
1275 3878 1394 3929 amore,

485 3965 548 4029 illis
571 3967 704 4031 insidias
728 3968 870 4047 tendent,
896 3973 1065 4052 captentur
1087 3967 1128 4031 ab
1151 3965 1224 4030 illis.

432 4100 482 4153 491
513 4082 700 4167 Indutumocl
719 4093 902 4168 ponteonem*
919 4098 1005 4155 Iouil
1022 4106 1060 4154 cet
1073 4112 1160 4153 omo
1178 4089 1278 4155 amiel
1300 4099 1379 4153 auro
1395 4109 1449 4166 gm
1472 4112 1553 4151 aaron
1569 4111 1584 4151 c
1603 4124 1636 4133 —

324 4198 377 4252 493
395 4198 529 4252 onimucl
549 4195 653 4263 (Vrat.)
676 4197 800 4252 animum
813 4214 835 4248 ω
860 4227 891 4235 -
912 4199 964 4253 494
983 4196 1106 4254 οωιάἰΐόν
1119 4196 1129 4251 l
1147 4196 1271 4253 conditur
1283 4211 1324 4265 gc
1341 4195 1447 4251 condito
1460 4197 1547 4249 roone
1560 4208 1588 4248 m
1603 4224 1636 4233 —

324 4297 377 4352 495
397 4287 517 4350 Pnennet
536 4286 675 4350 59545111νί
698 4296 730 4350 in
743 4299 825 4350 semet
838 4295 957 4349 uantur
974 4310 1002 4349 m
1025 4295 1057 4350 ia
1073 4302 1155 4350 semet
1173 4296 1286 4348 uerterit
1301 4307 1321 4361 g
1343 4293 1460 4348 erutor
1475 4292 1508 4347 in
1523 4299 1604 4347 sema
1621 4305 1637 4346 c

324 4384 406 4449 aare
419 4393 486 4449 lcrn
504 4394 645 4462 musque
664 4409 736 4448 corr.
754 4394 784 4448 in
802 4395 969 4462 mamper}
987 4394 1154 4462 imnrutoqrae
1167 4393 1199 4447 lc
1216 4391 1249 4446 tn
1267 4394 1344 4446 muto
1357 4406 1387 4446 m
1404 4391 1437 4445 in
1454 4393 1584 4459 munros
1602 4418 1636 4428 —

325 4494 377 4547 496
396 4492 488 4548 conos*
499 4508 529 4548 m
547 4509 644 4547 cancer
657 4509 678 4543 ω
693 4520 725 4529 -
740 4494 791 4546 491
810 4491 870 4546 Atl
888 4492 945 4547 suit
957 4491 1022 4545 Adl
1042 4491 1116 4545 adlco
1128 4506 1156 4545 m
1171 4519 1203 4526 -
1218 4491 1270 4545 498
1282 4492 1425 4545 centenno
1437 4503 1454 4543 ο
1468 4486 1637 4559 pominosllll

322 4590 440 4660 geminos
452 4606 493 4661 gc
508 4590 627 4661 geminos
643 4593 671 4644 et
681 4604 716 4644 rn.
731 4619 763 4626 -
784 4591 835 4644 509
854 4591 931 4657 infra
949 4604 1039 4657 omg
1064 4617 1095 4625 -
1121 4589 1172 4643 503
1194 4587 1303 4643 aedito
1328 4617 1360 4626 -
1385 4590 1435 4643 507
1458 4586 1589 4656 alpem
1604 4584 1637 4641 lc

324 4689 458 4759 erponeg
482 4689 650 4759 mqmaenm
671 4717 703 4725 -
724 4688 908 4758 cormacco
934 4686 1070 4757 sapum
1091 4716 1122 4724 —
1142 4688 1193 4742 511
1218 4674 1290 4741 491
1312 4685 1479 4740 armum
1500 4681 1637 4754 aeritimi

324 4805 426 4842 aunon
439 4803 468 4842 m
481 4805 574 4843 eurem
588 4802 629 4856 gc
647 4815 680 4824 -
695 4788 747 4842 513
759 4803 851 4841 errem
864 4801 893 4840 m
906 4814 940 4822 -
953 4788 1005 4839 514
1018 4771 1160 4839 adtendere
1173 4784 1183 4839 l
1195 4783 1337 4839 adicem
1349 4798 1378 4838 m
1394 4811 1426 4820 -
1442 4782 1636 4838 srenissimo

323 4901 452 4942 meo
475 4917 508 4924 -
533 4887 585 4940 su
610 4869 687 4953 ants
705 4884 715 4939 1
737 4884 808 4939 nin
824 4899 853 4938 m
878 4884 944 4939 aras
962 4898 1002 4951 gc
1027 4912 1059 4919 -
1085 4885 1137 4938 us
1161 4882 1297 4938 umas·
1313 4881 1380 4936 rem
1408 4881 1578 4949 cusanrg
1602 4907 1635 4917 -

325 4986 376 5039 519
394 4976 562 5052 mpllntorl
581 4987 757 5053 capescere
774 4987 916 5051 captentur
929 4998 991 5050 gm.

378 5101 484 5139 uanum.
508 5101 522 5137 r.
1528 5080 1545 5130 4
