4134 5834
861 639 925 693 ibor
960 642 979 697 i.
1017 639 1167 694 ura-705.

512 858 691 918 censentur.
739 853 845 917 minor
867 862 916 918 est
939 856 1076 936 numeri,
1100 877 1197 940 quam
1222 856 1362 921 cardinis
1386 876 1471 922 usus.

511 960 638 1044 longior
659 960 693 1023 in
717 962 857 1045 spatium
880 968 1029 1047 porrecta
1052 968 1101 1026 ast
1121 962 1210 1027 linea
1233 964 1347 1042 maius,

511 1088 594 1152 quae
617 1067 720 1132 tribus
743 1070 881 1134 emensis
905 1069 1005 1154 signis
1029 1069 1106 1134 iacit
1129 1075 1217 1134 astra
1239 1070 1375 1155 trigona.

511 1175 591 1240 haec
615 1176 654 1240 ad
680 1177 837 1242 amicitias
859 1178 1014 1243 imitantis
1038 1179 1110 1243 iura
1133 1177 1334 1263 gradumque

457 1307 497 1349 oso
510 1284 677 1368 sanguinis
699 1291 796 1370 atque
819 1286 934 1349 animis
958 1286 1125 1351 haerentia
1147 1292 1279 1371 pectora
1302 1285 1432 1349 ducunt.

510 1397 609 1475 utque
633 1392 704 1476 ipsa
726 1412 764 1455 cx
788 1391 884 1477 longo
909 1399 1025 1457 cocunt
1048 1398 1208 1458 summota
1231 1414 1371 1470 recessu,

511 1498 556 1563 sic
579 1519 639 1562 nos
662 1498 862 1583 coniungunt
885 1501 1060 1566 maioribus
1083 1501 1271 1565 interuallis.

511 1605 591 1669 haec
614 1605 749 1670 meliora
771 1613 897 1691 putant,
920 1615 1045 1695 mantes
1068 1629 1152 1693 quae
1175 1609 1310 1693 iungere
1333 1612 1477 1693 possunt,

510 1733 607 1797 quam
631 1733 715 1797 quac
739 1734 803 1778 non
828 1736 1004 1800 numquam
1028 1715 1141 1781 foedus
1165 1716 1225 1780 sub
1249 1715 1407 1799 sanguine
1431 1712 1557 1778 fallunt.

457 1842 496 1884 aas
510 1820 657 1904 proxima
680 1821 795 1886 uicinis
819 1824 1026 1888 subscribunt
1049 1824 1144 1888 tertia
1167 1844 1314 1908 quaeque

510 1926 698 2014 hospitibus.
745 1930 791 1994 sic
815 1936 975 1996 astrorum
998 1932 1182 1996 seruabitur
1205 1929 1294 1995 ordo.

457 2056 496 2098 ua
510 2037 665 2115 quotquot
687 2033 880 2100 cardinibus
902 2035 1057 2119 aproprie
1081 2034 1237 2100 uariante
1260 2038 1446 2099 mouentur.

563 2143 646 2207 adde
668 2165 744 2208 suas
767 2151 875 2229 partas
899 2146 1009 2230 signis,
1033 2166 1092 2209 sua
1116 2144 1261 2231 partibus
1284 2149 1380 2209 astra.

510 2270 585 2314 nam
609 2249 689 2314 nihil
712 2251 745 2314 in
769 2257 872 2315 totum
896 2252 996 2316 seruit
1019 2252 1093 2317 sibi:
1119 2253 1218 2316 mixta
1242 2251 1401 2331 feruntur,

509 2356 586 2443 ipsis
610 2358 689 2421 daut
711 2358 792 2422 finos
817 2360 911 2424 astris
935 2360 1131 2446 capiuntque
1155 2360 1307 2424 uicissim.

456 2485 594 2550 seoquae
617 2465 696 2529 mihi
719 2486 794 2530 mox
819 2473 906 2531 certo
930 2467 1056 2552 digesta
1079 2467 1138 2531 sub
1163 2467 1275 2531 ordine
1299 2471 1441 2551 surgent.

510 2572 658 2637 omnibus
683 2574 814 2638 existis
838 2574 920 2638 ratio
945 2580 994 2639 ast
1016 2573 1192 2660 repetenda
1215 2594 1273 2659 per
1296 2580 1410 2653 artam,

508 2686 625 2765 pacata
648 2679 773 2745 infestis
797 2682 890 2766 signa
914 2688 950 2745 ut
972 2681 1157 2746 discernere
1180 2682 1292 2767 possis.

509 2788 656 2873 perspice
679 2809 765 2853 nunc
788 2794 919 2854 tenuem
943 2790 1016 2854 uisu
1040 2810 1120 2869 rem,
1143 2788 1285 2874 pondero
1309 2808 1462 2873 magnam

510 2902 542 2958 et
565 2901 690 2959 tantum
714 2894 814 2962 Graio
838 2897 961 2981 signari
983 2895 1115 2961 nomine
1138 2917 1278 2982 passam,

455 3024 496 3069 sao
510 3001 770 3068 dodecatomoria
793 3004 826 3068 in
850 3004 942 3068 titulo
966 3004 1129 3089 signantia
1151 3023 1274 3076 causas.

511 3130 585 3174 nam
610 3131 683 3174 cum
706 3111 847 3176 tricenas
869 3133 928 3196 per
951 3118 1059 3197 partes
1084 3110 1190 3175 sidera
1213 3115 1369 3189 coustant,

511 3238 621 3282 rursus
645 3218 694 3283 bis
717 3219 803 3283 sanis
827 3240 980 3284 numerus
1003 3218 1166 3282 diducitur
1189 3217 1301 3282 omnis.

510 3324 580 3409 ipsa
602 3325 701 3410 igitur
725 3328 806 3391 ratio
830 3327 923 3392 binas
946 3328 978 3391 in
1002 3325 1150 3411 partibus
1174 3346 1244 3390 esse
1387 3411 1390 3417 ι

510 3432 724 3517 dimidiusque
747 3433 841 3497 dooat
864 3439 981 3518 partas.
1028 3434 1078 3498 his
1101 3432 1219 3497 finibus
1243 3453 1314 3498 esso

457 3563 497 3604 roo
511 3539 951 3620 dodecatomorionconstot‚
975 3541 1024 3605 bia
1048 3560 1191 3625 sanaque
1215 3545 1331 3604 cuncta

511 3647 661 3712 omnibus
683 3647 716 3711 in
740 3647 851 3733 signis,
875 3668 958 3731 quaa
982 3647 1094 3712 muudi
1118 3647 1263 3712 conditor
1286 3647 1340 3710 illo

510 3754 657 3819 attribuit
680 3753 813 3818 totidem
837 3775 972 3818 numero
995 3752 1193 3839 fulgentibus
1216 3752 1321 3832 astris,

511 3869 546 3927 ut
569 3863 692 3927 sociata
713 3862 821 3927 forant
843 3861 969 3926 alterna
992 3861 1099 3926 sidera
1122 3866 1216 3940 sorte,

512 3977 544 4034 at
566 3968 680 4034 similis
704 3969 764 4034 sibi
787 3969 927 4034 mundus
952 3977 983 4033 at
1006 3968 1116 4033 omnia
1138 3968 1172 4032 in
1196 3967 1345 4033 omnibus
1368 3972 1464 4046 astra,

457 4101 497 4142 roo
512 4099 648 4164 quorum
673 4078 820 4142 mixturis
843 4083 971 4163 rogarat
995 4076 1167 4142 concordia
1190 4097 1315 4161 corpus,

459 4267 511 4320 678
535 4263 620 4320 tribas
642 4264 788 4319 numm
813 4293 846 4301 -
870 4266 922 4319 679
944 4265 1130 4318 mutuatum
1153 4261 1326 4317 imitandum
1351 4290 1383 4298 -
1408 4261 1456 4315 661
1479 4257 1664 4327 aequamen

350 4362 514 4435 buyolgm
542 4362 602 4432 ipsa
624 4362 733 4431 bnaoc
763 4362 812 4417 ad
835 4362 969 4418 autalm
1000 4365 1191 4429 summotagc
1215 4389 1248 4398 -
1272 4359 1324 4414 689
1348 4358 1467 4428 cuipas
1488 4355 1602 4411 maim
1628 4386 1662 4395 -

352 4464 406 4519 690
417 4479 480 4518 moa
492 4465 561 4517 carto
574 4476 630 4516 om.
643 4476 672 4515 m
690 4461 785 4531 spatio
799 4459 901 4516 relicto
915 4474 1021 4515 nouem
1032 4459 1198 4514 litterarum
1213 4486 1243 4495 -
1259 4457 1311 4511 699
1324 4458 1418 4526 pacata
1428 4454 1464 4524 lg
1474 4456 1599 4524 paucum
1611 4465 1663 4506 mo

350 4560 496 4630 infeodag
518 4560 626 4629 infectis
641 4560 674 4615 lc
695 4559 818 4627 inserens
835 4574 863 4613 m
888 4560 934 4628 (ul
953 4574 992 4626 9,,
1016 4556 1066 4625 qui
1085 4556 1156 4611 hinc
1175 4553 1321 4611 consentit
1341 4568 1406 4609 oum
1421 4553 1462 4618 m)
1483 4551 1662 4621 perducereo

347 4657 665 4729 poscismcposeiolg
693 4686 725 4695 -
755 4659 824 4712 ante
848 4658 900 4711 693
927 4656 959 4710 de
981 4654 1162 4709 duodecadas
1185 4652 1279 4708 vau-iis
1303 4669 1352 4721 quc
1374 4651 1429 4706 aiat
1452 4652 1567 4719 atquae
1589 4648 1664 4704 uires

351 4756 449 4811 babeat
464 4771 491 4811 m
517 4785 550 4793 -
577 4759 629 4811 694
651 4734 780 4825 signari!
798 4752 938 4823 mucul
958 4753 1056 4821 (corr.)
1072 4765 1226 4821 pmoamm
1249 4764 1389 4819 pmoamg
1409 4777 1440 4785 -
1465 4749 1517 4801 695
1537 4745 1665 4800 duodocu

352 4853 495 4910 umorial
513 4853 815 4920 duodecatcmon'agm
833 4852 1107 4907 traduciano-696
1125 4839 1662 4918 portblparcagm-eeepauao

354 4952 423 5021 (om.
441 4966 469 5007 u.
488 4953 518 5021 g)
539 4981 570 4990 —
592 4952 643 5007 700
661 4950 945 5007 daodcoatemoriamo
964 4951 1114 5004 manto
1137 4974 1170 4986 -
1195 4947 1247 5002 707
1265 4944 1389 5000 numerio
1404 4943 1461 5013 lgo
1483 4957 1608 4999 uanam
1624 4953 1662 4994 m.
