4134 5834
847 637 934 698 Liber
952 637 975 698 1.
1012 644 1163 700 ree-528.

513 875 641 942 semper
662 861 695 921 et
717 853 870 922 hibernae
894 858 1018 940 eadem,
1044 865 1230 945 certamque
1252 859 1391 946 figuram

458 965 649 1050 unoquisque
673 963 743 1029 dies
766 965 871 1029 reddit
893 967 1014 1031 mundo
1039 973 1224 1053 certamque
1248 967 1420 1053 relinquit?

512 1071 578 1137 iam
601 1078 681 1153 tum,
705 1094 778 1138 curn
803 1071 921 1138 Graiae
945 1080 1114 1139 uerterunt
1137 1074 1298 1160 Pergama
1321 1083 1444 1162 gentes,

511 1186 618 1245 arctoa
641 1186 674 1243 et
697 1179 799 1245 Orien
823 1181 968 1247 aduersis
992 1182 1153 1248 frontibus
1176 1182 1276 1265 ibant,

511 1288 591 1353 haec
616 1294 768 1353 contenta
791 1310 866 1353 suos
889 1290 922 1354 in
946 1289 1068 1356 uertice
1091 1291 1222 1357 flectere
1244 1314 1352 1378 gyros,

509 1395 563 1460 ille
587 1417 627 1461 ex
650 1395 779 1461 diuerso
804 1402 984 1462 uertentem
1008 1419 1142 1483 surgere
1166 1405 1278 1464 eontra

457 1527 497 1569 ace
512 1504 628 1569 obuius
652 1510 684 1568 et
708 1509 774 1569 tote
798 1525 927 1590 semper
950 1506 1123 1572 decurrere
1147 1507 1278 1573 mundo.

511 1619 723 1697 temporaque
747 1610 903 1677 obscurae
926 1616 1030 1679 nectis
1054 1615 1254 1700 deprendere
1278 1615 1379 1699 signis

511 1721 576 1786 iam
599 1726 759 1805 poterant,
785 1721 976 1807 caelumque
1000 1744 1075 1788 suas
1100 1723 1290 1788 distinxerat
1313 1724 1418 1788 horas.

511 1834 590 1912 quet
612 1834 686 1913 poet
709 1828 870 1892 excidium
894 1828 1012 1894 Troiae
1037 1838 1112 1895 sunt
1134 1838 1227 1895 eruta
1251 1831 1365 1916 regna!

512 1942 591 2020 quot
614 1935 699 2021 eapti
722 1931 848 2021 pepuli!
896 1938 1046 2021 quotiens
1069 1938 1201 2003 fortuna
1223 1959 1282 2023 per
1305 1939 1415 2002 orbem

455 2065 496 2107 510
511 2044 679 2108 seruitium
702 2043 939 2129 imperiumque
963 2046 1036 2110 tulit
1060 2046 1214 2131 uarieque
1238 2045 1386 2110 reuertit!

510 2152 668 2217 Troianos
693 2152 817 2216 cineres
840 2153 873 2216 111
898 2160 1054 2237 quantum
1079 2154 1178 2218 oblite
1202 2154 1321 2218 refouit

510 2258 696 2345 imperium!
744 2259 819 2324 fatis
842 2260 941 2324 Asiae
966 2260 1030 2324 iam
1055 2259 1194 2326 Graecia
1217 2258 1329 2348 pressa
1351 2267 1409 2327 est.

510 2367 641 2432 saecula
663 2367 869 2432 dinumerare
892 2368 991 2453 piget,
1017 2370 1231 2454 quotiensque
1255 2390 1424 2434 recurrens

509 2475 655 2539 lustrarit
678 2474 835 2539 mundum
860 2476 950 2540 uario
974 2477 1021 2540 sol
1046 2478 1161 2562 igneus
1185 2477 1271 2542 orbe.

457 2606 496 2647 ⁵1⁵
511 2584 620 2648 omnia
644 2584 772 2647 mortali
797 2589 964 2648 mutantur
985 2585 1059 2668 lege
1084 2591 1202 2664 creata,

511 2712 570 2755 nee
594 2712 629 2753 se
653 2698 852 2775 cognoscunt
876 2697 992 2770 terrae,
1015 2692 1217 2756 uertentibus
1241 2694 1334 2757 annis

508 2805 621 2863 exutas
644 2799 770 2862 uariam
794 2798 911 2863 faeiem
935 2821 993 2885 per
1016 2800 1148 2865 saecula
1171 2806 1293 2885 gentes.

511 2913 545 2970 at
566 2912 677 2970 manet
698 2906 869 2970 incolumis
893 2908 1033 2971 mundus
1057 2929 1179 2993 suaque
1204 2909 1311 2972 emnia
1336 2914 1455 2989 seruat,

512 3036 595 3100 quae
619 3036 678 3078 uec
702 3014 800 3101 longa
824 3013 893 3078 dies
917 3022 1016 3100 auget
1039 3015 1197 3079 minuitue
1221 3022 1379 3097 senectus,

458 3144 570 3187 asenec
594 3128 700 3187 metus
723 3130 843 3209 puncto
868 3130 983 3188 curuat
1007 3145 1162 3188 cursusue
1186 3124 1315 3208 fatigat:

511 3230 596 3294 idem
621 3252 750 3317 semper
773 3230 844 3312 erit,
870 3232 1024 3317 quoniam
1049 3253 1177 3318 semper
1201 3233 1263 3297 fuit
1283 3232 1377 3296 idern.

512 3360 575 3402 nen
599 3338 699 3403 alium
723 3338 835 3403 nidere
859 3345 969 3426 patres
993 3340 1135 3405 aliumue
1158 3347 1293 3426 nepotes

512 3447 682 3532 aspicient:
707 3448 868 3530 deusest,
892 3448 947 3533 qui
972 3470 1036 3513 nen
1061 3455 1205 3513 mutatur
1228 3450 1260 3512 in
1286 3468 1377 3512 aeuo.

512 3561 915 3639 numquamtransuersas
940 3557 1042 3620 solem
1067 3557 1238 3620 decurrere
1262 3555 1303 3619 ad
1327 3560 1433 3618 arctos

457 3683 571 3728 carnee
594 3668 721 3727 mutare
744 3663 814 3727 uias
839 3664 926 3727 etin
951 3669 1058 3727 ertum
1082 3670 1208 3727 uertere
1233 3684 1345 3727 cursus

512 3790 727 3855 auroramque
750 3772 844 3835 nouis
868 3778 1056 3835 nascentem
1080 3771 1249 3835 estendere
1273 3772 1376 3851 terrie,

512 3900 571 3942 nec
596 3879 705 3943 lunam
730 3885 834 3943 certos
858 3878 1013 3943 excedere
1035 3879 1168 3943 luminis
1192 3878 1285 3942 orbes

512 3985 568 4049 sed
593 4007 724 4051 semare
748 3986 890 4066 medum,
916 4008 979 4071 quo
1005 3991 1130 4050 crescat
1153 4007 1259 4071 queue
1283 3985 1422 4066 recedat,

460 4278 509 4335 501
531 4277 619 4334 Graia
630 4282 789 4335 eroerteraat
800 4278 832 4334 lc
847 4278 923 4361 prate
939 4282 1100 4334 uertentur
1113 4293 1142 4333 m
1159 4276 1252 4348 pratae
1269 4281 1408 4333 aertenmt
1421 4292 1441 4346 g
1454 4294 1507 4347 per
1524 4292 1623 4346 macac
1635 4291 1665 4330 1n

353 4385 396 4452 (n
409 4400 502 4456 marg.
516 4388 600 4453 corr.)
614 4422 648 4428 -
661 4385 714 4442 eoa
727 4384 878 4455 Arcrmlg
893 4386 981 4441 arcus
993 4402 1008 4441 c
1020 4390 1108 4441 arcta
1121 4401 1150 4441 m
1165 4414 1196 4423 -
1211 4346 1359 4471 certet}
1376 4412 1408 4421 -
1420 4386 1472 4438 ecc
1487 4382 1666 4453 ueritiam

352 4484 549 4555 deprehendere
567 4501 596 4540 m
624 4485 786 4555 deprendere
806 4500 848 4554 gc
876 4515 908 4521 —
939 4488 990 4540 507
1011 4487 1119 4552 poterat
1138 4499 1158 4552 g
1186 4512 1218 4520 -
1247 4485 1300 4537 508
1324 4482 1393 4551 qaod
1411 4482 1479 4537 lmc
1505 4485 1570 4550 quot
1585 4497 1604 4551 g
1631 4510 1666 4518 -

353 4585 405 4640 509
418 4582 487 4654 qued
499 4582 565 4638 lcm
578 4587 670 4653 qtcetg
683 4613 715 4621 -
730 4586 782 4638 512
793 4581 901 4652 pretial
912 4583 1001 4651 precia
1011 4597 1063 4651 gn]
1077 4562 1463 4648 -51111111ν111ἕ1151111α11
1474 4594 1500 4634 m
1514 4580 1667 4647 lustraritg

352 4683 506 4738 triatrcretc
520 4712 552 4721 —
566 4685 618 4738 516
630 4699 716 4737 aanor
729 4697 757 4737 m
772 4711 805 4719 -
819 4684 871 4737 511
888 4680 975 4750 tautae
988 4680 1124 4747 (initialis
1138 4680 1231 4746 deest)
1243 4678 1252 4734 l
1266 4686 1360 4734 extima
1368 4693 1409 4747 gc
1421 4678 1532 4734 larnaria
1544 4683 1624 4733 erute
1637 4691 1665 4730 m

353 4780 396 4846 (in
423 4796 515 4850 marg.
544 4796 618 4837 corr.
646 4784 742 4836 mua
768 4780 886 4845 aarum)
915 4813 948 4820 -
978 4780 1029 4833 era
1058 4778 1210 4847 minuitque
1233 4793 1250 4831 0
1279 4807 1312 4815 -
1339 4776 1391 4831 520
1409 4764 1496 4845 putto
1514 4776 1525 4831 1
1548 4779 1630 4844 pone
1649 4790 1668 4843 g

353 4884 453 4948 panea
472 4895 521 4935 cm
540 4883 636 4935 currat
651 4878 683 4934 lc
706 4882 805 4934 errant
822 4894 876 4947 gru
898 4908 929 4916 -
955 4880 1004 4933 521
1024 4877 1084 4945 fuit
1101 4877 1183 4933 iedena
1202 4875 1212 4930 l
1233 4847 1336 4931 11111115
1354 4874 1438 4930 aedem
1458 4890 1487 4929 m
1505 4874 1575 4930 idem
1595 4889 1615 4943 g
1635 4901 1667 4910 -

355 4978 407 5033 522
424 4977 545 5034 aliumue
562 4992 588 5033 0.

407 5102 553 5145 hunul.
1563 5077 1579 5131 2
