4134 5834
839 652 925 709 liber
942 652 964 708 I.
1002 655 1153 709 esa-712.

501 872 534 936 in
557 872 705 957 lcngnm3
730 870 779 934 bis
803 891 858 934 sex
881 869 1008 934 latescit
1031 870 1132 935 fascia
1154 876 1271 956 partes,

501 1002 584 1065 quae
609 979 736 1043 cohibet
759 979 849 1042 uarie
873 977 1016 1042 labentia
1039 977 1146 1043 sidera
1170 1000 1274 1043 cursu.

503 1087 583 1149 alter
606 1087 638 1149 in
661 1085 834 1150 aduersum
858 1085 981 1170 pesitus
1005 1086 1149 1151 succedit
1172 1086 1212 1151 ad
1237 1093 1342 1150 arctos

446 1218 487 1258 esa
501 1202 533 1258 et
556 1193 689 1279 paulum
713 1215 732 1257 a
756 1193 874 1258 boreae
898 1216 976 1280 gyro
1000 1216 1061 1259 sua
1084 1194 1138 1258 fila
1161 1193 1286 1258 reducit

501 1302 678 1386 transitque
701 1301 852 1365 inuersae
876 1323 933 1387 per
956 1302 1064 1367 sidera
1087 1300 1283 1387 Cassiepiae.

500 1410 574 1473 inde
597 1430 655 1494 per
678 1408 844 1495 obliquum
869 1410 1069 1474 descendens
1092 1410 1196 1496 tangit
1219 1409 1341 1473 cleram

500 1516 704 1601 aestiuosque
727 1523 816 1581 secat
837 1518 918 1581 fines
942 1517 1149 1603 aquilamque
1173 1517 1322 1603 supinam

500 1630 709 1709 temporaque
733 1631 928 1710 aequantem
951 1646 1067 1710 gyrum
1090 1646 1268 1710 zonamque
1292 1624 1451 1688 ferentem

446 1751 486 1793 seo
500 1729 575 1793 solis
600 1752 700 1815 equos
724 1732 807 1796 inter
831 1732 978 1812 caudam,
1003 1755 1067 1818 qua
1091 1733 1236 1819 scorpius
1260 1731 1361 1813 ardet,

499 1849 742 1924 extremamque
766 1840 911 1924 sagittari
934 1841 1064 1904 laeuam
1087 1845 1184 1925 atque
1207 1840 1370 1925 sagittam.

499 1945 573 2009 inde
597 1968 673 2011 snos
696 1947 805 2011 sinuat
828 1947 930 2012 flexus
953 1969 1012 2033 per
1035 1968 1131 2012 crura
1153 1947 1317 2033 pedesque

499 2054 645 2119 centauri
668 2055 800 2119 alterins
823 2075 999 2137 rursusque
1023 2055 1199 2120 ascendere
1222 2053 1349 2118 caelum

498 2160 610 2246 incipit
633 2162 857 2248 Argiuumque
881 2169 983 2227 ratem
1008 2184 1066 2248 per
1088 2162 1244 2248 aplustria
1267 2182 1394 2226 summa

345 2329 350 2337 .
445 2290 484 2332 ses
499 2274 531 2332 et
554 2271 696 2334 medinm
720 2270 833 2334 mundi
855 2292 971 2356 gyrum
994 2271 1206 2355 geminosque
1228 2290 1287 2354 per
1310 2268 1376 2332 ima

498 2375 591 2461 signa
613 2385 711 2458 secat,
736 2377 821 2441 subit
843 2377 1049 2457 heniochum,
1073 2384 1180 2461 teque,
1205 2376 1291 2440 nnde
1314 2374 1488 2461 profectus,

500 2481 675 2571 Cassiepia,
699 2491 812 2570 petens
835 2507 933 2571 snper
954 2486 1061 2571 ipsum
1084 2484 1204 2550 Persea
1227 2484 1343 2548 transit

498 2590 674 2677 orbemque
697 2613 737 2656 ex
760 2592 815 2656 illa
839 2598 989 2678 coeptum
1013 2591 1174 2657 concludit
1197 2591 1231 2655 in
1254 2592 1325 2676 ipsa

498 2699 620 2782 trisque
643 2705 731 2763 secat
754 2699 877 2764 medios
901 2721 997 2785 gyros
1021 2707 1054 2765 et
1077 2700 1169 2784 signa
1192 2699 1349 2764 ferentem

444 2826 485 2866 roc
498 2805 643 2889 partibus
666 2828 684 2869 e
708 2806 802 2888 binis,
826 2807 975 2892 quotiens
998 2806 1196 2892 praeciditur
1218 2807 1296 2892 ipse.

498 2934 558 2977 nec
581 2914 786 2998 quaerendus
810 2915 884 2979 erit:
910 2914 999 2980 nisus
1022 2915 1158 2979 incurrit
1180 2916 1214 2979 in
1237 2914 1325 2999 ipsos

499 3028 612 3106 sponte
636 3044 694 3086 sna
718 3043 817 3107 seque
841 3021 910 3108 ipse
934 3024 1028 3087 decet
1051 3023 1201 3108 cogitque
1224 3022 1339 3086 notari.

499 3125 639 3214 namque
662 3129 696 3194 in
720 3129 869 3195 caeruleo
893 3130 1035 3194 candens
1059 3129 1140 3194 nitet
1163 3128 1268 3193 orbita
1291 3127 1412 3191 mundo

499 3256 558 3299 ceu
582 3238 720 3302 missure
742 3238 827 3302 diem
852 3237 957 3303 subito
981 3238 1173 3323 caelumque
1196 3235 1376 3301 recludens.

444 3363 484 3406 ιιι
498 3365 536 3406 ac
560 3344 660 3408 ueluti
684 3345 804 3409 uirides
827 3345 982 3410 discernit
1004 3346 1120 3409 semita
1143 3364 1284 3429 campos,

498 3472 595 3534 qnam
621 3453 694 3516 terit
716 3452 845 3518 assidue
870 3474 1031 3517 rennuens
1055 3452 1116 3517 iter
1139 3451 1243 3517 orbita
1266 3455 1385 3529 tractn3

498 3555 585 3620 inter
609 3556 738 3623 diuisas
763 3556 957 3641 aequalibus
980 3562 1029 3622 cst
1052 3556 1113 3623 uic
1130 3562 1248 3641 partes

499 3672 533 3728 ut
557 3666 641 3731 freta
664 3674 838 3733 canescunt
862 3668 988 3733 sulcum
1011 3668 1149 3732 ducente
1174 3668 1286 3732 carina

498 3773 724 3859 accipiuntque
747 3776 834 3840 niam
858 3776 974 3839 flnctus
998 3776 1224 3860 spumantibus
1249 3774 1353 3853 undis,

443 3901 484 3943 nc
498 3901 596 3965 qnam
620 3888 722 3947 tortus
746 3905 839 3948 uerso
863 3883 966 3947 mouit
988 3883 1028 3947 de
1053 3883 1182 3967 gurgite
1205 3888 1327 3960 uertex,

498 3989 653 4053 candidus
677 3990 709 4054 in
735 3991 826 4077 nigre
850 3990 936 4055 lucet
958 3991 1004 4054 sic
1025 3991 1120 4054 limes
1144 3989 1292 4075 Olympo,

499 4097 682 4162 caeruleum
706 4098 832 4163 findens
854 4098 978 4184 ingenti
1001 4097 1124 4162 lumine
1148 4097 1314 4162 mnndum.

446 4300 497 4354 683
509 4317 617 4356 curarim
628 4317 655 4356 m
668 4332 700 4340 -
712 4304 764 4358 684
776 4302 920 4357 adroersum
930 4301 999 4370 lgm
1011 4301 1162 4357 aduncare
1174 4294 1275 4370 pesitbs
1285 4302 1295 4357 l
1304 4302 1406 4370 positas
1415 4316 1434 4368 g
1442 4296 1541 4366 positos
1551 4306 1601 4347 mc
1613 4318 1644 4327 -

339 4398 390 4452 685
409 4397 536 4453 abbcreae
554 4397 587 4454 lc
608 4400 718 4455 uberem
734 4416 761 4455 m
785 4401 821 4454 cd
836 4400 929 4455 torem
945 4414 964 4467 g
983 4407 1092 4468 μένοις
1112 4429 1145 4437 -
1165 4402 1217 4456 686
1237 4404 1364 4468 transque
1381 4414 1410 4454 m
1428 4394 1497 4452 casei
1514 4390 1603 4460 coplae
1617 4402 1645 4441 m

337 4495 382 4564 (L)
398 4526 429 4533 —
446 4500 499 4551 690
512 4496 586 4566 equis
598 4512 626 4551 nr
643 4526 676 4534 —
692 4499 740 4552 691
756 4498 881 4569 sapida-t
895 4513 923 4553 m
938 4497 961 4564 (t
974 4496 1041 4553 add.
1054 4499 1138 4566 corr.)
1153 4498 1290 4568 sagittarii
1304 4514 1325 4549 n
1340 4526 1372 4534 -
1387 4498 1438 4550 692
1453 4494 1504 4548 693
1518 4491 1570 4547 694
1584 4488 1614 4541 in
1630 4500 1645 4538 c

338 4597 405 4664 post
425 4597 474 4649 ιιι
494 4594 524 4650 in
544 4610 634 4665 marg.
654 4597 766 4652 notati
790 4626 823 4634 -
847 4599 899 4650 ees
916 4596 977 4666 arpi
993 4589 1087 4668 ittae
1100 4613 1127 4652 m
1147 4597 1305 4666 amplastra
1322 4611 1350 4649 m
1378 4623 1405 4631 -
1431 4595 1482 4647 cna
1502 4590 1558 4643 tina
1574 4586 1645 4653 lgm

338 4692 425 4748 imum
440 4709 455 4748 e
468 4724 501 4732 -
515 4696 566 4749 697
578 4693 718 4764 camela
729 4709 801 4750 corr.
815 4694 952 4764 decimis
965 4710 993 4750 m
1008 4695 1052 4764 (L)
1071 4695 1159 4764 tangit
1170 4710 1199 4749 m
1213 4725 1245 4733 -
1260 4697 1310 4750 699
1325 4693 1424 4762 crispae
1437 4705 1453 4744 0
1469 4688 1597 4743 secantm
1611 4709 1644 4719 -

339 4789 390 4845 703
409 4791 525 4847 erbitce
548 4821 582 4829 -—
607 4792 795 4848 lotentiam
814 4807 843 4847 m
866 4823 899 4831 -
924 4795 976 4849 705
994 4793 1095 4849 uiridis
1114 4808 1142 4848 m
1165 4792 1268 4847 uirides
1286 4808 1307 4844 ω
1332 4822 1364 4832 -
1385 4792 1435 4844 706
1456 4784 1543 4842 tracta
1562 4798 1591 4837 m
1611 4811 1643 4819 -

340 4891 390 4943 mr
410 4862 505 4946 stuta
520 4890 555 4957 ig
578 4890 672 4945 circes
688 4906 739 4945 mc
760 4860 848 4960 pata
864 4890 874 4945 1
893 4891 984 4960 parm
1001 4906 1051 4948 cm
1070 4894 1197 4960 parag
1217 4918 1249 4927 -
1269 4892 1319 4944 nr
1332 4871 1408 4943 'tecet
1424 4888 1462 4943 aa
1479 4883 1555 4938 eme
1573 4896 1591 4936 ο
1609 4910 1642 4918 -

339 4990 391 5043 tn
407 4967 537 5061 firi'p'enel
552 4988 656 5059 finqcns
667 5004 707 5060 gc
722 4988 829 5056 findens
840 5004 878 5045 m;
