4134 5834
899 658 985 715 Liber
1002 656 1051 713 IV.
1087 656 1237 713 368-397.

574 878 670 942 altius
694 881 743 941 est
765 875 851 941 acies
875 875 974 940 animi
997 874 1155 940 mittenda
1178 875 1313 959 sagacis,

574 988 671 1070 inque
696 984 768 1049 aluo
793 983 980 1068 quaerenda
1003 988 1145 1063 manent,
1169 983 1357 1067 cunctisque
1382 982 1582 1066 sequendum

519 1118 559 1160 ero
572 1093 705 1158 uiribus.
753 1098 785 1156 et
808 1092 898 1156 ouius
923 1090 1007 1176 signi
1031 1091 1103 1175 quis
1126 1097 1218 1176 parte
1243 1096 1381 1173 creatur,

568 1203 638 1266 eius
661 1202 759 1266 habet
782 1221 888 1265 mores
914 1205 1010 1283 atque
1033 1198 1088 1263 illo
1113 1200 1258 1264 nascitur
1282 1205 1377 1263 astro.

574 1309 645 1373 talis
669 1330 728 1393 per
750 1307 850 1372 denas
875 1313 977 1373 sortes
1001 1311 1121 1372 natura
1143 1306 1276 1371 feretur.

571 1417 663 1481 vtestis
687 1416 748 1479 erit
771 1415 880 1480 uarius
904 1415 963 1479 sub
988 1415 1101 1479 eodem
1126 1414 1231 1478 sidere
1255 1414 1350 1493 fetus,

574 1523 724 1608 quodque
748 1524 781 1587 in
807 1528 871 1587 tam
895 1522 1004 1586 multis
1028 1523 1229 1588 animantum
1254 1521 1395 1603 milibus,
1419 1542 1483 1585 uno

520 1653 657 1716 arsquae
681 1632 817 1696 ueniunt
841 1631 944 1714 signo,
969 1637 1016 1694 tot
1039 1636 1113 1695 sunt
1136 1636 1214 1714 quot
1238 1651 1374 1715 corpora
1397 1651 1514 1711 mores,

574 1745 607 1803 et
629 1760 732 1823 genus
756 1744 925 1803 externum
949 1737 1094 1802 referunt
1118 1737 1225 1802 aliena
1248 1743 1428 1823 porcestre,
1456 1745 1459 1750 ’

574 1846 765 1931 confusique
788 1847 893 1911 fluunt
915 1851 1026 1931 partus
1050 1845 1218 1910 hominum
1242 1851 1339 1929 atque
1363 1845 1520 1924 ferarum3

576 1953 699 2019 scilicet
720 1955 753 2017 in
777 1960 886 2039 partes
909 1954 1088 2038 iunguntur
1112 1954 1241 2018 condita
1264 1953 1365 2038 pluris

575 2062 784 2145 diuersasque
808 2060 917 2125 serunt
939 2061 1069 2146 proprio
1094 2062 1153 2125 sub
1177 2061 1308 2125 nomine
1331 2060 1430 2145 leges.

521 2192 562 2235 sao
576 2190 635 2232 nec
659 2173 785 2233 tantum
808 2169 899 2232 lanas
924 2170 1007 2232 aries
1032 2190 1091 2232 nec
1115 2175 1225 2233 taurus
1250 2174 1359 2232 aratra

575 2297 634 2340 nec
658 2277 779 2360 gemini
802 2297 910 2340 musas
934 2296 994 2339 neo
1018 2296 1143 2339 merces
1168 2297 1284 2340 cancer
1307 2274 1438 2357 amabit,

576 2404 635 2447 nec
659 2383 709 2447 leo
733 2388 869 2447 uenator
892 2382 1002 2447 ueniet
1025 2404 1086 2447 nec
1110 2383 1202 2467 uirgo
1227 2384 1393 2468 magistra,

576 2492 736 2556 mensuris
760 2498 815 2556 ant
838 2491 921 2556 libra
944 2499 1059 2577 potens
1076 2497 1138 2556 ant
1161 2493 1305 2578 scorpius
1329 2492 1429 2556 armis

576 2605 812 2683 centaurusque
836 2599 923 2680 feris,
949 2600 1014 2684 igni
1041 2600 1248 2685 capricornus
1272 2606 1305 2663 et
1328 2600 1422 2665 undis

522 2731 562 2775 aar
576 2709 645 2793 ipse
669 2707 735 2772 suis
759 2706 886 2771 iuuenis
910 2706 1095 2791 geminique
1119 2728 1178 2792 per
1202 2728 1344 2791 aequora
1366 2708 1485 2793 pisces3

575 2815 676 2879 mixta
699 2814 756 2879 sed
779 2815 811 2878 in
835 2815 937 2900 pluris
960 2814 1123 2879 sociantur
1146 2814 1253 2878 sidera
1276 2815 1371 2879 uires.

576 2922 724 3003 multum,
748 2923 865 3007 inquis,
890 2929 1085 3007 tenuemque
1109 2923 1200 2986 iubes
1224 2944 1276 2987 me
1300 2923 1385 2987 ferre
1410 2923 1554 2988 laborem

578 3052 689 3094 rursus
713 3036 745 3094 et
769 3031 801 3094 in
826 3052 945 3115 magna
969 3029 1088 3116 mergis
1113 3030 1251 3116 caligine
1274 3036 1430 3116 mentem,

577 3159 708 3203 cernere
733 3160 806 3203 oum
830 3139 917 3203 facili
942 3139 1047 3202 lucem
1072 3138 1196 3202 ratione
1221 3139 1360 3203 uiderer.

522 3246 662 3329 seoquod
687 3247 826 3329 quaeris,
851 3246 931 3310 deus
955 3252 1018 3325 est3
1043 3246 1169 3309 conaris
1194 3247 1349 3311 scandere
1375 3248 1499 3311 caelum

577 3354 707 3436 fataque
731 3353 821 3416 fatali
846 3354 973 3437 genitus
998 3374 1193 3437 cognoscere
1217 3354 1288 3438 lege

577 3466 608 3522 et
632 3460 770 3524 transire
794 3467 885 3523 tuum
909 3466 1020 3545 pectus
1046 3462 1231 3545 mundoque
1255 3464 1361 3547 potiri.

576 3589 634 3651 pro
658 3568 762 3651 pretio
786 3568 878 3631 labor
901 3575 963 3649 est3
988 3591 1047 3633 nec
1072 3575 1146 3633 sunt
1169 3570 1315 3634 inmunia
1339 3577 1437 3636 tanta.

577 3695 636 3736 nec
660 3675 777 3739 mirere
802 3676 874 3739 uiae
898 3677 1000 3740 flexus
1024 3698 1197 3761 rerumque
1222 3684 1360 3742 catenas.

523 3803 563 3846 ent
577 3782 701 3846 admitti
726 3784 868 3869 potuisse
893 3792 943 3848 sat
966 3791 1022 3848 est.
1072 3786 1135 3848 sint
1158 3791 1265 3849 cetera
1289 3793 1413 3866 nostra3

578 3895 610 3952 at
634 3890 695 3954 nisi
718 3890 872 3976 perfossis
896 3892 999 3976 fugiet
1022 3897 1054 3955 te
1078 3894 1241 3958 montibus
1265 3916 1391 3975 aurum,

577 3997 781 4082 obstabitque
805 4001 871 4063 suis
896 3999 1010 4085 opibus
1034 4001 1244 4085 superaddita
1267 4003 1370 4067 tellus.

524 4191 576 4245 368
599 4195 709 4249 usnimi
722 4208 751 4248 m
773 4196 879 4264 sagaces
892 4210 921 4249 m
945 4229 978 4237 --
1003 4195 1055 4250 369
1079 4197 1169 4252 alico
1194 4201 1344 4266 quaerendo
1359 4198 1404 4253 lm
1428 4202 1582 4268 momentis
1600 4215 1641 4268 gc
1663 4200 1733 4253 moli

417 4285 487 4355 quel
500 4288 576 4342 mala
588 4291 693 4356 quidm
707 4291 881 4360 cunctosquel
893 4294 963 4348 mali
974 4297 1078 4350 manetis
1090 4298 1286 4389 sequendumg
1303 4299 1454 4366 insertisque
1463 4313 1515 4352 mc
1528 4328 1559 4334 -
1575 4299 1628 4353 374
1644 4299 1733 4368 Quod-

417 4383 494 4455 quel
518 4388 674 4443 animarem
691 4388 702 4442 l
726 4392 909 4444 animamtum
927 4406 954 4444 m
983 4420 1015 4429 -
1040 4394 1092 4447 375
1115 4412 1184 4461 quae
1202 4366 1345 4449 ueriiuntl
1373 4414 1476 4462 quaeue
1493 4398 1575 4450 nient
1594 4412 1609 4451 o
1632 4397 1706 4464 quod
1722 4395 1732 4451 l

417 4487 489 4552 quod
498 4500 526 4540 m
544 4492 608 4554 quot
618 4502 659 4556 gc
676 4503 825 4557 corporum
839 4507 948 4557 corpore
957 4505 978 4541 ω
993 4520 1024 4527 -
1039 4493 1091 4545 376
1106 4493 1134 4546 Ε
1144 4510 1231 4561 genios
1241 4507 1269 4546 m
1287 4494 1443 4561 reserarent
1454 4510 1480 4548 ru
1497 4524 1529 4530 —
1540 4496 1592 4548 378
1601 4499 1733 4563 partueg

413 4572 526 4651 partiri
545 4587 638 4654 portis
652 4600 680 4639 m
700 4591 825 4654 partera
844 4588 971 4655 plureso
1001 4619 1033 4627 -
1063 4591 1115 4644 380
1139 4595 1252 4658 aratag
1275 4589 1377 4647 nrat³c
1402 4621 1435 4629 -
1461 4595 1510 4647 381
1532 4594 1669 4647 amauito
1698 4621 1731 4629 -

418 4681 469 4733 384
488 4682 544 4749 feri
561 4685 635 4752 siqui
647 4682 707 4752 lgc
725 4686 780 4738 seri
798 4687 871 4755 siqui
884 4701 911 4738 m
928 4715 959 4722 -
974 4687 1026 4740 385
1047 4690 1089 4741 tui
1102 4703 1120 4755 g
1135 4717 1166 4724 —
1182 4690 1232 4742 386
1248 4681 1342 4760 pluris
1354 4689 1365 4743 l
1379 4691 1506 4758 plorare
1521 4692 1617 4759 pluris
1630 4706 1683 4759 gm
1698 4720 1730 4727 *

418 4779 469 4831 387
492 4782 602 4834 uultum
615 4780 672 4849 lgc
700 4782 782 4836 uultu
797 4798 823 4837 m
854 4784 984 4840 taboresc
1012 4814 1042 4821 -
1069 4788 1122 4839 388
1142 4785 1287 4841 collocant
1306 4803 1322 4841 o
1346 4789 1413 4857 post
1431 4789 1482 4843 396
1503 4786 1540 4843 ‘at
1559 4790 1616 4844 nisi
1634 4786 1670 4842 u.'
1700 4818 1730 4825 -

418 4877 469 4930 393
488 4878 673 4934 inmunialm
692 4883 832 4951 imuniog
861 4912 893 4920 —
922 4884 974 4937 394
993 4882 1110 4954 neclgc
1134 4900 1209 4940 nem
1239 4919 1271 4926 —
1301 4887 1353 4940 395
1377 4887 1500 4942 admittit
1518 4888 1614 4961 pocius
1635 4904 1668 4942 su
1685 4904 1734 4942 sor

418 4979 497 5030 ertm
519 5006 550 5013 -
571 4979 623 5031 396
642 4994 728 5047 crong
746 4981 843 5035 ereio
