4134 5834
878 618 963 677 Liber
982 618 1015 677 ll.
1053 624 1204 680 ass-429.

546 862 586 903 ex
608 840 705 924 longo
730 845 839 904 temen
862 839 918 904 illa
941 840 1052 905 ualent
1075 841 1225 927 uiresque
1248 841 1434 909 ministrant

492 947 599 1011 nauel
622 946 707 1011 bello
732 948 785 1011 uel
807 968 889 1033 pace
913 970 999 1028 suas,
1024 955 1060 1012 ut
1082 955 1229 1035 tempora
1251 956 1399 1036 poscunt,

544 1054 768 1124 nunol'oodus
793 1055 893 1120 stollis
917 1077 1003 1120 nunc
1028 1062 1060 1120 et
1084 1056 1278 1122 dictantibus
1301 1058 1376 1122 iras.

544 1162 630 1247 quod
654 1162 682 1226 si
704 1162 789 1226 forte
811 1162 900 1239 libet,
926 1183 1009 1248 quae
1034 1162 1098 1227 sint
1121 1165 1282 1229 contraris
1305 1166 1409 1250 signa,

544 1291 602 1354 per
624 1269 735 1348 titulos
759 1269 923 1334 celebrare
947 1291 1023 1334 suos
1047 1270 1215 1355 sedesque,
1238 1277 1400 1336 memento

543 1377 715 1442 solstitium
739 1378 885 1455 brumae,
911 1378 1136 1463 capricornum
1161 1400 1324 1465 opponere
1349 1400 1474 1458 cancro,

487 1510 528 1552 ios
542 1485 724 1570 lanigerum
746 1484 850 1550 librae
875 1522 917 1529 -
940 1506 1000 1570 par
1023 1507 1087 1551 nox
1110 1487 1143 1550 in
1168 1493 1305 1571 utroque
1328 1487 1461 1571 diesque
1486 1511 1545 1564 -3

540 1592 683 1677 piscibus
706 1589 872 1678 Erigonen
895 1593 1072 1678 iuuenique
1095 1614 1261 1678 urnaeque
1284 1594 1427 1670 leonem3

541 1699 685 1784 scorpios
709 1721 726 1763 e
750 1720 877 1764 summo
902 1721 975 1764 cum
998 1699 1112 1785 fulget,
1137 1708 1249 1766 taurus
1273 1701 1306 1764 in
1330 1701 1394 1765 imo
1419 1708 1477 1779 est,

541 1816 574 1871 et
597 1807 684 1871 cadit
707 1807 889 1871 arcitenens
912 1807 1051 1892 geminis
1075 1808 1253 1873 orientibus
1277 1808 1364 1872 orbe.

541 1916 599 1979 hos
623 1919 757 1977 seruant
779 1914 863 1977 inter
886 1935 956 1977 sese
980 1916 1144 1979 contraria
1169 1936 1290 1980 cursus.

486 2046 527 2087 no
542 2022 597 2086 sed
622 2041 821 2106 quamquam
845 2020 991 2086 aduersis
1014 2020 1140 2106 fulgent
1163 2023 1325 2087 contraria
1349 2022 1461 2105 signis,

540 2136 657 2193 natura
680 2134 789 2192 tamen
813 2128 976 2193 interdum
1001 2128 1124 2192 sociata
1147 2128 1296 2194 feruntur

540 2245 572 2300 et
595 2256 728 2319 genere:
753 2235 909 2320 exemplis
934 2234 1107 2300 concordia
1131 2241 1243 2300 mutua
1266 2237 1378 2320 surgit.

542 2340 691 2405 irrascula
715 2338 746 2403 si
764 2338 919 2423 paribus,
944 2341 1000 2404 cccl
1022 2340 1054 2404 si
1077 2340 1215 2406 diuerso
1236 2360 1375 2406 suorum
1390 2345 1456 2416 ¹est.

539 2450 737 2537 respondent
759 2452 871 2535 generi
894 2451 999 2535 pisces
1024 2459 1056 2515 et
1080 2451 1215 2535 uirginis
1239 2457 1342 2529 astra;

485 2583 525 2624 na
540 2559 669 2624 aduersi
693 2558 844 2636 uolitant;
869 2558 925 2622 sed
950 2564 1062 2623 amant
1085 2560 1270 2624 communia
1294 2560 1375 2640 iura,

468 2700 471 2705 ·
530 2673 573 2759 et
597 2667 697 2730 uincit
720 2671 838 2730 natura
860 2665 981 2738 locun1;
1007 2667 1064 2730 sed
1088 2667 1229 2731 uincitur
1252 2668 1321 2752 ipsa

541 2773 751 2859 temporibus,
776 2793 957 2858 cariccrqne
981 2774 1048 2854 tibi,
1075 2774 1274 2859 capricorno,
1297 2779 1466 2859 repugnat,

540 2881 663 2945 femina
685 2880 839 2960 femineo,
863 2882 940 2966 quie
965 2882 1099 2947 brumae
1123 2881 1257 2946 dissidet
1281 2887 1395 2945 aestas.

539 2988 614 3052 hinc
630 2989 727 3073 rigor
751 2993 783 3051 et
806 2987 926 3073 glacies
950 2989 1146 3073 niuibusque
1171 2988 1313 3053 albentia
1337 3009 1421 3068 rura,

484 3120 526 3160 cao
540 3096 614 3161 hinc
639 3095 707 3160 sitis
731 3101 764 3159 et
783 3096 894 3169 sudor,
919 3097 1092 3180 nudusque
1115 3098 1149 3160 in
1173 3096 1294 3161 solibus
1318 3096 1414 3176 orbis,

541 3204 747 3288 aestiuosque
772 3204 840 3267 dies
865 3224 1008 3288 aequans
1032 3225 1097 3268 nox
1122 3203 1242 3287 frigida
1265 3203 1409 3267 brumae.

540 3313 585 3374 sic
608 3312 729 3375 bollum
754 3318 871 3375 natura
895 3311 989 3394 gerit,
1014 3310 1177 3374 discordat
1200 3318 1233 3374 et
1255 3330 1374 3390 annus,

539 3440 599 3481 uec
624 3419 741 3481 mirere
766 3418 797 3480 in
823 3439 861 3479 oa
887 3418 1065 3502 pugnantia
1090 3417 1195 3481 sidera
1219 3422 1320 3501 parte.

539 3532 572 3588 at
596 3545 661 3588 non
685 3522 824 3607 lanigeri
848 3525 977 3608 signum
1001 3523 1169 3608 libraeque
1194 3530 1354 3609 repugnat

484 3656 525 3696 aaa
539 3633 573 3696 in
597 3638 711 3712 totum,
736 3630 812 3714 quia
837 3651 894 3694 uer
918 3637 1074 3696 autumno
1099 3637 1243 3715 ternpore
1267 3630 1390 3710 diffort3

538 3738 697 3802 fructibus
721 3738 782 3803 hoc
805 3738 919 3824 implet
941 3739 1087 3818 maturis,
1112 3738 1245 3802 floribus
1268 3736 1358 3801 illud.

539 3846 595 3910 sed
619 3846 744 3910 ratione
769 3845 871 3930 pariet
895 3838 1042 3930 aequatis
1066 3852 1159 3909 nocte
1184 3843 1309 3925 diebus,

539 3961 750 4037 temporaque
774 3953 922 4017 officiunt
945 3952 1043 4017 simili
1068 3951 1240 4016 eoncordia
1264 3957 1352 4015 textu

539 4061 781 4144 permixtosque
805 4061 874 4125 dies
900 4060 1015 4124 mediis
1039 4060 1180 4124 hiemem
1206 4058 1289 4121 inter
1313 4065 1344 4121 et
1367 4065 1493 4122 aestum

484 4247 536 4300 399
556 4227 692 4301 biblis]
717 4253 891 4300 monentmc
913 4245 1046 4313 menig
1069 4279 1103 4285 -
1128 4245 1178 4297 401
1204 4240 1331 4310 pboeboo
1355 4242 1503 4298 ditantibus
1529 4244 1637 4299 ulnam
1665 4275 1699 4285 -

376 4346 428 4399 soa
456 4344 551 4412 serg
578 4332 681 4398 msto
711 4371 743 4380 -
773 4345 995 4411 405otorag
1025 4372 1057 4380 -
1087 4339 1311 4408 4061149Μο
1341 4369 1372 4376 -
1402 4342 1453 4394 ior
1479 4341 1635 4410 Scorpius
1664 4373 1699 4382 -

376 4444 429 4497 408
452 4419 555 4497 coditi
582 4440 702 4495 eadelm
733 4439 860 4508 caditgc
885 4439 981 4494 orbec
1001 4469 1034 4477 —
1054 4441 1106 4494 409
1125 4437 1302 4493 obearuooto
1327 4465 1359 4473 —
1384 4440 1437 4492 410
1458 4438 1592 4494 admon
1609 4455 1638 4495 m
1664 4471 1699 4479 —

376 4543 428 4595 412
445 4554 576 4617 aemulo
598 4538 759 4607 eaeernplioo
781 4568 812 4575 —
836 4539 889 4592 413
907 4522 1047 4605 mdoouol
1071 4534 1191 4590 mosolla
1211 4548 1238 4587 m
1264 4535 1418 4602 miscuagc
1441 4552 1552 4591 aarum
1571 4541 1642 4594 ecto
1662 4569 1700 4577 —-

376 4640 428 4693 415
448 4620 592 4708 cirpinbsl
616 4635 769 4705 stirpiniaco
794 4669 827 4676 -
846 4636 897 4690 417
917 4639 1090 4705 rcprrprmtm
1116 4664 1149 4672 -
1173 4630 1226 4686 419
1245 4630 1348 4686 rorem
1373 4660 1405 4669 —
1429 4634 1638 4690 laoconense
1663 4670 1699 4679 -

376 4737 427 4791 421
452 4736 656 4803 mbamqroeo
679 4737 827 4802 ocpaonto
851 4762 881 4770 -
906 4734 958 4787 422
986 4750 1092 4788 annum
1116 4746 1132 4786 o
1155 4757 1190 4768 -
1212 4729 1264 4783 423
1286 4746 1320 4782 ne
1340 4727 1384 4783 lm
1411 4747 1460 4784 neo
1478 4746 1519 4799 gc
1545 4732 1645 4787 intrare
1669 4749 1699 4790 m

376 4833 538 4888 misererem
555 4862 585 4869 —
602 4834 653 4886 424
669 4832 712 4885 ald
727 4848 752 4886 m
768 4832 1045 4899 -lissfruclibusg
1059 4826 1320 4899 fluctiboslcnr(b)
1338 4826 1413 4884 loco
1429 4831 1527 4883 -427
1544 4829 1698 4897 speratim

375 4932 476 5000 egroalis
488 4948 509 4981 ω
528 4959 562 4969 -
582 4936 635 4985 lae*
655 4934 774 4998 tempora
792 4946 859 4999 puae
872 4930 890 4984 l.
