4134 5834
872 606 955 663 Liber
973 606 1010 662 ll.
1047 607 1197 663 eno-550.

480 849 520 889 eso
589 824 666 909 quin
690 823 829 888 aduersa
853 830 962 887 meant
985 823 1157 888 coniuncta
1181 822 1308 907 trigona
1331 821 1477 905 trigonis,

534 932 700 1015 alteraque
723 931 757 993 in
781 930 900 995 bellum
926 930 1054 996 diuerso
1078 932 1179 995 limite
1203 930 1291 994 ducit

533 1039 634 1118 linea3
658 1039 703 1102 sio
728 1037 797 1102 ueri
821 1059 879 1123 per
901 1045 1004 1103 totum
1028 1045 1184 1103 consonat
1207 1038 1295 1102 ordo.

533 1166 674 1229 namque
698 1145 793 1226 aries,
817 1145 867 1210 leo
892 1151 924 1209 et
947 1146 1139 1226 arcitenens,
1163 1145 1285 1210 sociata
1307 1146 1434 1230 trigono

532 1254 636 1338 signa,
660 1258 782 1338 negant
804 1252 904 1317 chelis
927 1252 1042 1317 foedus
1066 1254 1187 1337 totique
1211 1253 1348 1338 trigono,

478 1384 519 1427 aaa
533 1360 620 1446 quod
644 1361 765 1443 gemini
789 1361 953 1446 excipiunt
976 1360 1117 1425 lundens
1141 1368 1173 1425 et
1195 1362 1349 1445 aquarius
1372 1360 1491 1439 undas3

533 1467 631 1553 idque
655 1468 774 1552 duplex
797 1468 879 1533 ratio
904 1468 989 1553 cogit
1012 1489 1126 1532 uorum
1151 1489 1221 1533 esse
1245 1467 1350 1549 lateri,

532 1574 618 1660 quod
642 1575 704 1638 tria
727 1575 821 1659 signa
844 1573 946 1639 tribus
970 1575 1071 1661 signis
1095 1576 1255 1640 contrariu
1280 1575 1416 1660 fulgent,

533 1681 684 1767 quodque
712 1689 844 1746 aeterna
871 1689 1005 1747 manent
1031 1682 1198 1747 hominum
1226 1682 1313 1748 bella
1341 1690 1438 1767 atquo
1461 1682 1620 1761 lerarun13

534 1790 676 1854 bumana
700 1796 750 1852 est
772 1788 873 1853 facies
896 1789 1008 1870 librae,
1032 1789 1163 1854 diuersa
1185 1790 1303 1867 leonis;

479 1897 652 1961 eeoidoirco
678 1902 710 1959 et
731 1896 852 1960 cedunt
874 1898 1025 1981 pecudes,
1051 1899 1137 1981 quod
1162 1898 1285 1962 uiribus
1308 1898 1424 1982 amplis

534 2002 704 2067 consilium
727 2010 777 2067 est
800 2004 919 2084 maius3
944 2005 1048 2069 uictus
1072 2005 1123 2068 leo
1146 2005 1249 2090 fulget
1272 2006 1306 2069 in
1329 2004 1435 2087 astris,

532 2131 632 2176 aurea
654 2110 799 2195 lanigero
823 2113 982 2176 concessit
1004 2112 1110 2176 sidera
1133 2111 1242 2196 pellis,

532 2220 602 2305 ipse
626 2217 715 2282 ferae
738 2218 840 2303 partis
864 2225 1037 2283 centaurus
1061 2226 1188 2303 tergore
1212 2220 1311 2299 cadit,

532 2346 634 2411 usque
658 2325 738 2390 adeo
763 2332 812 2390 ost
835 2325 957 2390 homini
981 2327 1095 2391 uictus.
1144 2348 1207 2412 quo
1231 2327 1340 2407 mirer,
1365 2327 1405 2391 ab
1429 2326 1493 2390 illis

480 2457 520 2500 esc
533 2432 695 2499 nascentis
717 2433 819 2497 librae
842 2434 990 2518 superari
1013 2455 1107 2518 posse
1131 2436 1302 2520 trigonum.

532 2542 609 2628 quin
633 2540 731 2605 etiam
755 2540 886 2605 breuior
908 2541 991 2605 ratio
1015 2548 1065 2605 est
1086 2563 1145 2627 per
1167 2543 1261 2627 signa
1283 2542 1458 2628 sequenda.

532 2669 609 2714 nam
633 2669 857 2733 quaecumque
880 2649 984 2713 nitent
1006 2649 1149 2714 bumana
1172 2650 1302 2714 conditu
1325 2650 1431 2715 formu

533 2762 630 2834 ostra,
653 2761 787 2820 manent
808 2755 872 2820 illis
894 2756 1026 2821 inimica
1050 2763 1083 2820 et
1106 2758 1190 2821 uictu
1213 2757 1366 2822 ferarum.

531 2863 588 2927 sed
612 2869 721 2927 tamen
745 2864 778 2927 in
802 2865 950 2949 proprias
973 2864 1129 2929 secedunt
1151 2865 1279 2949 singula
1302 2872 1426 2929 urentes

479 2995 520 3038 eso
534 2977 567 3035 ot
589 2970 716 3056 priuata
740 2978 858 3056 gerunt
880 2973 1013 3036 secretis
1036 2972 1182 3037 hostibus
1206 2994 1306 3036 arma.

533 3077 678 3161 lanigero
702 3079 820 3164 genitis
844 3079 963 3143 bellum
988 3088 1037 3144 est
1061 3101 1134 3144 oum
1159 3080 1285 3165 uirgine
1310 3082 1392 3145 natis

533 3193 566 3249 et
587 3186 680 3261 libra,
705 3188 834 3271 gemino
857 3188 946 3272 pisce
970 3195 1002 3251 et
1025 3209 1105 3273 quos
1127 3188 1261 3272 protulit
1285 3187 1380 3253 undu.

533 3294 567 3357 in
589 3300 701 3378 partus
725 3295 809 3358 tauri
833 3293 893 3358 sub
918 3315 1035 3358 cancro
1060 3300 1138 3358 nata
1161 3294 1310 3359 feruntur

534 3407 665 3486 pectora
688 3406 721 3465 et
745 3402 777 3464 in
801 3400 900 3465 chelis
924 3408 1063 3485 atquae
1087 3402 1142 3465 dat
1166 3403 1310 3487 scorpius
1335 3423 1418 3483 acer,

481 3531 521 3574 ors
536 3513 568 3571 ot
591 3508 704 3591 pisces.
752 3513 785 3570 at
809 3529 889 3591 quos
913 3510 1117 3592 geminorum
1142 3509 1249 3573 sidera
1271 3509 1423 3592 fonnuut,

535 3615 680 3679 hiscum
705 3614 850 3698 lanigero
874 3614 994 3679 belluni
1020 3624 1069 3679 est
1092 3617 1225 3702 eiusque
1248 3618 1384 3702 trigono.

535 3722 566 3785 in
592 3743 708 3786 canoro
733 3724 859 3807 genitos
883 3724 1063 3808 capricorni
1086 3726 1211 3789 semina
1234 3725 1367 3789 laedunt

535 3836 568 3892 et
589 3829 690 3894 librae
716 3837 826 3914 partus
850 3837 882 3894 et
905 3852 986 3916 quos
1010 3832 1065 3895 dat
1088 3833 1224 3917 uirginis
1247 3840 1369 3897 astrum

535 3936 654 4022 quique
678 3939 736 4001 sub
761 3939 868 4003 auersi
891 3946 1105 4003 numerantur
1127 3940 1232 4003 sidero
1256 3941 1350 4003 tauri.

481 4044 671 4127 seolanigeri
694 4046 874 4110 communis
898 4046 959 4109 erit
981 4047 1151 4131 rabidique
1175 4048 1276 4112 leonis

482 4228 536 4283 520
550 4245 568 4279 α
577 4228 606 4283 io
617 4226 646 4283 'll
662 4231 717 4285 αίᾶ
726 4245 780 4298 gm
795 4231 912 4285 ortucrsa
921 4231 1134 4299 metiumque
1145 4246 1160 4285 c
1177 4261 1208 4268 -
1223 4233 1276 4286 533
1285 4228 1456 4300 ανοᾲιεπεηεΙ
1474 4236 1646 4303 arquitenens
1658 4249 1686 4290 ru

376 4327 481 4396 trigeno
491 4324 527 4395 lg
543 4326 645 4395 trigono
655 4343 707 4382 cm
725 4358 757 4365 -
771 4330 824 4382 ott
837 4321 964 4397 triqom‘ll
979 4329 1111 4397 trigonog
1130 4346 1161 4381 sa
1176 4329 1259 4385 (locst
1272 4329 1301 4384 in
1314 4346 1363 4385 orn
1375 4361 1407 4368 -
1419 4333 1581 4401 nosceque
1594 4331 1637 4386 lin
1653 4362 1686 4369 -

376 4424 429 4479 533
451 4427 627 4479 musnet
648 4442 708 4494 cryc
731 4425 855 4480 recutiti
878 4442 939 4495 crgo
956 4425 1056 4480 recedit
1072 4441 1123 4494 gin
1150 4431 1249 4496 terum
1266 4428 1368 4483 cedite
1397 4459 1428 4466 -
1459 4432 1510 4485 534
1535 4431 1687 4484 bominiso

376 4521 524 4590 grodlmo
542 4522 737 4591 octog—538
755 4522 938 4588 nascentislg
956 4525 1115 4579 sementim
1137 4525 1262 4594 nobocbl
1283 4527 1386 4595 trigono
1400 4542 1427 4581 nr
1448 4530 1581 4596 trigonam
1598 4542 1686 4595 gc·-

377 4621 427 4674 541
445 4596 552 4689 aar
569 4621 655 4689 ,qenes
668 4635 720 4688 gn
738 4620 863 4690 antae
888 4648 920 4657 -
945 4624 996 4675 542
1016 4623 1120 4689 eamear
1134 4623 1219 4691 poca
1235 4641 1298 4692 aas
1315 4640 1332 4680 0
1356 4625 1498 4693 macor
1517 4626 1687 4694 comorga

374 4718 478 4786 yemini
495 4717 619 4772 —smdo
638 4732 735 4772 om.1u
757 4747 789 4755 —
808 4720 861 4772 543
880 4721 1050 4787 inportare
1068 4723 1287 4776 natorn-btt
1305 4723 1565 4791 monimo-:345
1580 4709 1686 4791 portel

375 4814 456 4884 piscis
482 4831 503 4866 ω
537 4819 617 4884 atque
645 4816 691 4871 tos
719 4832 735 4869 o
766 4845 797 4852 -
831 4819 882 4871 547
912 4816 1019 4885 sentino
1048 4817 1078 4870 lc
1108 4819 1211 4873 sentina
1240 4836 1292 4885 gur
1323 4850 1355 4857 -
1389 4823 1439 4874 549
1470 4820 1579 4875 adereat
1607 4837 1624 4875 o
1653 4851 1686 4859 —

378 4914 431 4967 oft)
449 4913 590 4981 rapidique
604 4929 629 4967 u.
