4134 5834
912 614 998 670 biber
1018 614 1040 670 Ι.
1077 616 1226 669 cro-681.

575 832 749 898 circumfer
771 832 875 897 facilis
899 832 1009 896 oculos
1033 831 1224 915 uultumque
1248 851 1307 915 per
1329 830 1450 894 orbem.

522 963 562 1003 666
576 939 729 1024 quioquid
753 940 814 1004 erit
836 939 981 1023 caelique
1004 940 1106 1002 imum
1130 945 1300 1022 terraeque
1323 957 1520 1022 supremum,

576 1069 640 1131 666
664 1048 728 1111 6616
749 1048 818 1133 ipse
842 1047 903 1111 sibi
927 1046 1015 1110 nullo
1040 1045 1226 1110 discrimine
1249 1046 1390 1109 mundus

575 1154 744 1239 redditque
768 1161 824 1218 aut
846 1153 961 1239 recipit
983 1152 1143 1238 fulgentia
1167 1153 1274 1217 sidera
1296 1158 1407 1238 ponto,

575 1262 756 1347 praecingit
779 1262 869 1325 tenui
892 1269 1115 1325 transuersum
1137 1261 1239 1324 limite
1263 1259 1429 1323 mundum.

575 1370 655 1434 baec
679 1391 808 1455 quoque
831 1390 890 1455 per
913 1375 1015 1433 toturn
1042 1369 1189 1433 uolitabit
1210 1367 1298 1432 linea
1322 1367 1457 1442 6661666,

521 1500 561 1540 666
576 1498 639 1541 666
665 1483 790 1541 tantum
815 1478 857 1541 ad
880 1477 1022 1540 medium
1047 1498 1186 1560 uergens
1210 1475 1418 1559 mediumque
1441 1480 1574 1557 repente

576 1584 686 1647 orbem
711 1606 796 1649 nune
820 1590 945 1669 septem
969 1584 1010 1648 ad
1034 1583 1144 1647 6661166
1168 1604 1228 1648 666
1251 1589 1340 1646 mota
1363 1583 1422 1645 sub
1446 1587 1544 1660 66666,

576 1691 631 1755 sed
657 1712 880 1776 quaecumque
903 1712 1009 1775 uagae
1032 1691 1165 1755 tulerint
1189 1690 1325 1774 uestigia
1347 1690 1477 1774 plantae

575 1798 634 1862 bas
658 1798 754 1862 mode
778 1807 938 1863 terrarum
961 1819 1049 1862 nunc
1072 1798 1130 1861 has
1154 1797 1332 1882 gradientis
1355 1796 1388 1860 in
1411 1816 1496 1875 orae,

578 1926 706 1990 semper
729 1906 791 1970 erit
813 1928 918 1971 nouus
941 1912 974 1969 et
996 1906 1090 1969 terrie
1113 1905 1291 1969 mutabitur
1312 1926 1421 1983 arcus3
1470 1884 1474 1894 ⁴

521 2035 561 2075 666
575 2013 694 2097 quippe
717 2012 806 2077 aliud
830 2014 955 2077 caelum
979 2013 1152 2077 ostendens
1176 2013 1327 2097 aliudque
1350 2011 1535 2096 relinquens

575 2119 744 2184 dimidium
768 2126 856 2200 teget
880 2127 912 2184 et
934 2120 1053 2185 releret
1076 2121 1232 2204 uarioque
1256 2120 1380 2184 notabit

574 2227 639 2290 fine
662 2234 695 2291 et
718 2249 791 2291 cum
816 2228 889 2291 uisu
912 2230 1033 2314 pariter
1057 2249 1116 2291 666
1138 2227 1194 2291 fila
1217 2232 1380 2292 mouente.

576 2334 627 2397 hie
651 2335 811 2400 terrestris
835 2336 906 2415 erit,
931 2336 1007 2420 quia
1030 2342 1150 2399 terram
1175 2335 1379 2419 amplectitur
1402 2333 1499 2414 orbis,

576 2440 794 2503 otmundum
812 2439 913 2522 pleno
934 2437 1125 2522 6666666666
1149 2437 1252 2502 timue
1275 2459 1378 2522 pyrus

416 2574 417 2577 ¹
521 2569 562 2610 666
576 2555 673 2631 66666
696 2569 715 2613 6
738 2550 803 2613 fine
827 2550 958 2614 trahens
983 2548 1112 2612 titulum
1135 2555 1335 2612 memoratur
1357 2547 1498 2612 horizon.

629 2655 678 2718 his
702 2656 793 2720 adice
817 2657 963 2742 obliquos
987 2656 1189 2741 aduersaque
1212 2656 1268 2719 fila
1290 2656 1448 2720 trahentis

574 2762 659 2826 inter
682 2784 716 2826 66
739 2785 845 2847 gyros,
870 2785 1007 2849 quorum
1031 2764 1191 2848 fulgentia
1215 2764 1308 2848 signa

575 2868 656 2931 alter
678 2870 785 2951 habet,
808 2892 867 2955 per
890 2892 973 2955 6666
996 2870 1148 2935 Phoebus
1171 2872 1358 2935 moderatur
1381 2871 1534 2950 habenas,

575 2975 844 3063 subsequiturque
867 3001 925 3043 suo
950 2978 1051 3042 solem
1075 3000 1160 3061 uaga
1183 2979 1279 3042 Delia
1302 3000 1409 3058 curru,

521 3104 561 3147 ero
575 3089 607 3144 66
631 3084 772 3169 6616666
796 3086 933 3150 aduerso
957 3086 1114 3150 luctantia
1137 3086 1244 3151 sidera
1267 3086 1388 3150 mundo

576 3199 726 3254 exercent
749 3194 857 3256 uarias
881 3200 1016 3257 naturae
1040 3193 1111 3277 lege
1134 3193 1278 3257 choreas.
1360 3262 1362 3268 s

575 3295 660 3360 bunc
684 3304 773 3361 tenet
796 3320 815 3362 a
838 3321 964 3363 summo
989 3321 1115 3380 cancer,
1138 3301 1345 3384 capricornus
1369 3300 1410 3363 ab
1433 3300 1510 3378 imo,

577 3402 626 3466 bie
649 3404 772 3489 recipit,
796 3407 902 3469 lucem
926 3408 981 3490 qui
1005 3408 1144 3471 circulus
1168 3414 1285 3490 aequat
1307 3414 1340 3471 et
1363 3408 1503 3484 umbras,

576 3510 710 3595 lanigeri
734 3520 766 3576 et
789 3513 889 3577 librae
912 3514 1004 3598 signo
1027 3536 1086 3577 sue
1109 3514 1164 3578 fila
1187 3521 1359 3578 secantem.

521 3639 561 3680 ers
576 3617 621 3680 sic
644 3639 703 3703 per
725 3619 782 3683 tris
806 3641 902 3704 gyros
925 3620 1062 3685 inflexus
1086 3621 1214 3685 ducitur
1237 3622 1323 3686 orbis

575 3731 726 3809 recteque
750 3725 874 3790 deuexo
898 3726 980 3791 fallit
1005 3728 1141 3812 uestigia
1164 3728 1262 3809 cliuo;

576 3852 635 3895 nec
660 3833 747 3897 uisus
772 3834 938 3918 aciemque
962 3835 1046 3919 fugit
1069 3841 1257 3921 tantumque
1282 3836 1386 3900 ueteri

575 3946 682 4003 mente
706 3947 819 4025 potest,
845 3942 928 4006 sicut
950 3950 1126 4007 cernuntur
1150 3951 1257 4008 mente
1280 3945 1412 4029 priores.

575 4046 631 4108 sed
655 4048 735 4110 nitet
757 4048 881 4132 ingenti
905 4050 1050 4114 stellatus
1074 4049 1198 4114 balteus
1222 4052 1300 4115 orbe

521 4151 799 4239 ceoinsignemque
822 4156 901 4220 facit
924 4158 1046 4221 caelato
1071 4157 1172 4222 limite
1197 4159 1352 4222 mundum

576 4266 608 4321 et
630 4266 678 4323 ter
702 4262 832 4325 nicenae
856 4270 963 4346 partes
988 4271 1076 4347 patet
1099 4271 1196 4350 atque
1220 4272 1378 4330 trecentas

524 4444 575 4496 619
583 4443 700 4511 [6661666
713 4446 828 4500 66616666
833 4464 884 4514 per
894 4463 922 4503 m
935 4477 966 4485 -
978 4450 1029 4503 650
1043 4450 1137 4519 66666.
1150 4465 1177 4503 m
1192 4454 1327 4518 terraeque
1339 4467 1358 4518 g
1372 4456 1491 4522 terraque
1504 4471 1525 4503 ω
1545 4484 1577 4491 -
1592 4454 1643 4510 655
1661 4455 1722 4510 Norr

399 4597 401 4603 ,
415 4542 549 4594 66666666
563 4541 647 4605 (nunc
657 4542 686 4610 p)
699 4546 828 4610 66666666
846 4573 876 4580 -
897 4548 947 4600 656
960 4566 1033 4601 6666
1045 4555 1116 4602 mota
1127 4548 1201 4601 6666
1220 4578 1251 4584 -
1271 4550 1322 4603 667
1336 4552 1595 4620 666666666661666
1614 4559 1686 4623 6666.
1706 4570 1721 4609 6

416 4637 536 4691 tulerunt
546 4640 576 4692 in
588 4639 666 4692 66666
679 4654 696 4693 6
711 4669 743 4677 -
757 4644 806 4694 661
824 4641 1020 4709 tepitgmreqit
1033 4644 1065 4698 16
1077 4646 1192 4713 referto
1206 4676 1238 4683 -
1253 4650 1303 4702 664
1315 4649 1393 4716 pleno
1404 4649 1528 4717 producit
1539 4652 1632 4705 166666
1643 4668 1669 4706 m
1686 4682 1718 4690 —

416 4738 467 4789 665
486 4739 564 4805 atquc
582 4738 635 4790 6666
653 4753 668 4791 6
691 4738 780 4791 666666
800 4753 826 4792 m
850 4739 941 4793 666666
958 4739 992 4807 gl
1017 4770 1049 4778 -
1070 4743 1138 4797 6666
1158 4747 1208 4798 666
1234 4744 1277 4798 De
1294 4746 1397 4800 66666666
1420 4748 1542 4802 66166666
1564 4749 1719 4806 6666616616

416 4847 472 4888 om.
484 4837 541 4900 666
560 4832 672 4888 nullum
687 4833 793 4889 lemma
806 4836 836 4891 in
850 4852 879 4891 m
893 4866 925 4874 -
944 4841 995 4893 666
1008 4839 1080 4894 odite
1094 4855 1121 4894 m
1139 4841 1230 4896 addice
1243 4858 1258 4896 c
1276 4844 1405 4898 trahentia
1419 4860 1447 4900 m
1462 4874 1494 4882 -
1510 4849 1561 4902 669
1575 4861 1630 4902 om.
1643 4863 1671 4902 nr
1685 4879 1719 4887 —

416 4933 465 4985 611
487 4948 576 4984 corace
596 4947 611 4985 c
631 4960 661 4967 -
683 4935 734 4987 ore
755 4935 804 4987 trie
818 4949 845 4987 ru
865 4941 917 4988 trec
929 4951 950 4986 u
970 4965 1002 4973 -
1023 4940 1075 4992 660
1093 4939 1190 4994 6661666
1208 4940 1310 4995 lumine
1327 4956 1365 4995 1n.
