4134 5834
924 610 1013 669 liber
1031 611 1052 668 Ι.
1089 613 1240 670 tlt-tlt.

587 839 714 895 assueto
739 829 880 895 uolitans
901 837 1006 916 gestet
1030 852 1088 894 ceu
1113 830 1250 894 fulmina
1273 830 1394 895 mundo

532 961 572 1005 ese
587 938 685 1022 digne
708 936 789 1001 Ioue
812 944 845 1002 et
868 938 968 1017 caelo,
993 938 1079 1023 quod
1103 938 1204 1002 sacris
1227 937 1358 1002 instruit
1381 938 1489 1003 ermis.

585 1052 653 1110 tum
678 1067 806 1131 qnoque
830 1044 871 1109 de
894 1052 993 1130 ponto
1016 1045 1121 1130 surgit
1143 1044 1315 1129 delphinus
1338 1045 1379 1108 ed
1403 1051 1490 1109 estre

587 1154 700 1218 oceeni
724 1154 869 1238 caelique
893 1153 991 1218 decus
1015 1174 1073 1238 per
1096 1160 1270 1237 utrumque
1294 1158 1448 1216 secretus.

586 1282 682 1347 quem
706 1260 819 1345 repido
844 1267 979 1325 conatus
1002 1281 1105 1345 equus
1128 1260 1360 1344 comprendere
1385 1280 1481 1326 cursu
1533 1255 1535 1260 ’

586 1369 718 1434 festinet
740 1375 854 1453 pectus
876 1368 1016 1454 fulgenti
1039 1368 1144 1432 sidere
1168 1367 1282 1432 clerus.

531 1500 572 1542 ceo
586 1484 619 1541 et
640 1478 751 1540 finitur
774 1478 806 1540 in
831 1475 1057 1555 Andromede3
1081 1493 1182 1556 quom
1204 1472 1351 1538 Perseos
1375 1472 1479 1539 armis

586 1581 687 1663 cripit
709 1585 741 1645 ct
763 1574 867 1646 sociat
889 1579 962 1656 stoi,
987 1580 1043 1645 cui
1066 1583 1211 1648 succedit
1232 1583 1344 1668 iniquo

585 1692 726 1756 diuisum
749 1692 854 1777 spetio
877 1690 1021 1756 deltoton
1046 1692 1176 1756 nomine
1200 1691 1289 1755 sidus
1399 1737 1401 1741 .

586 1821 625 1863 ex
648 1797 745 1863 simili
769 1798 902 1878 dictum,
926 1799 1013 1883 quod
1036 1798 1160 1883 lempes
1184 1799 1279 1862 tertie
1303 1799 1412 1883 disper

586 1908 782 1992 conspicitur
803 1906 951 1991 peribus3
976 1904 1190 1991 Cepheusque
1215 1912 1247 1969 et
1270 1904 1445 1992 Cassiopea

531 2015 619 2081 essin
643 2036 764 2099 poenes
788 2008 916 2099 signatu
940 2036 1015 2078 sues
1040 2014 1192 2099 iuxtaque
1215 2014 1329 2078 relicte

585 2123 828 2188 Andromedam
852 2129 962 2186 uestes
985 2128 1181 2186 metuentem
1207 2121 1315 2207 pristis
1339 2122 1445 2186 hiatus

585 2230 763 2316 expositum
788 2238 888 2315 ponto
910 2229 1008 2294 deflet
1030 2229 1235 2315 scopulisque
1259 2230 1448 2295 reuinotem.

585 2339 619 2403 in
643 2345 788 2402 ueterem
812 2337 951 2401 Perseus
975 2338 1065 2401 caelo
1089 2358 1218 2422 quoque
1242 2337 1348 2401 feruet
1371 2358 1515 2403 emerem

586 2445 770 2531 auxilioque
794 2446 884 2509 iuuet
907 2444 1128 2530 fugiendoque
1152 2444 1313 2528 Gorgonis
1337 2465 1394 2509 ore

531 2554 743 2619 seosustineet
766 2552 970 2638 spoliumque
993 2550 1056 2615 sibi
1079 2558 1266 2636 pestemque
1289 2552 1422 2616 uidenti.

584 2667 652 2724 turn
677 2661 785 2724 uicina
808 2660 916 2723 ferens
940 2660 1015 2723 nixo
1038 2660 1176 2743 uestigia
1200 2668 1292 2724 tauro

586 2769 764 2834 heniochus
787 2768 893 2833 studio
918 2768 1139 2853 mundumque
1164 2775 1196 2833 et
1219 2789 1337 2832 nomen
1362 2769 1508 2854 adeptus,

586 2898 682 2961 quem
706 2876 847 2962 primum
870 2897 966 2940 curru
991 2855 1181 2941 uolitantem
1204 2875 1351 2961 Iuppiter
1373 2876 1438 2941 alto

586 2982 787 3069 quadriiugis
811 2984 977 3068 conspexit
999 2984 1090 3068 equis
1114 2983 1270 3068 caeloque
1293 2983 1443 3048 secreuit.
1504 3022 1507 3027 -

531 3114 572 3156 ees
586 3092 671 3155 hunc
696 3091 835 3156 subeunt
857 3092 952 3156 haedi
977 3091 1166 3156 claudentes
1190 3092 1295 3156 sidere
1319 3099 1465 3177 pontum,

586 3200 702 3264 nobilis
726 3207 758 3264 et
781 3201 893 3265 mnndi
916 3201 1037 3264 nutrito
1061 3216 1137 3284 rege
1162 3200 1296 3285 capella,

586 3306 676 3371 cuius
700 3310 741 3372 eb
766 3308 919 3372 uberibus
944 3328 1099 3391 magnum
1123 3306 1177 3370 ille
1200 3308 1346 3371 escendit
1369 3308 1543 3394 Olympum

585 3416 668 3479 lecte
691 3415 759 3478 fero
784 3436 933 3479 crescens
957 3413 997 3477 ed
1021 3413 1159 3477 fulmine
1183 3415 1314 3498 uimque
1338 3416 1486 3495 tonandi3

586 3522 668 3586 hene
693 3543 771 3608 ergo
795 3523 936 3586 eetemis
961 3512 1075 3587 merito
1100 3523 1240 3586 secreuit
1263 3523 1296 3585 in
1319 3524 1414 3587 nstris

528 3630 728 3716 erquppiter
752 3637 784 3695 et
807 3630 888 3695 ceeli
912 3630 1038 3694 caelum
1062 3630 1210 3694 mercede
1234 3631 1391 3715 rependit.

586 3740 794 3824 pleiadesque
818 3738 1003 3824 hyedesque
1027 3738 1088 3802 feri
1110 3738 1344 3824 persjiureque
1369 3740 1453 3803 tauri

586 3848 619 3911 in
643 3848 777 3911 boream
800 3846 968 3910 scendunt.
1017 3847 1097 3910 heec
1122 3855 1196 3910 sunt
1220 3847 1384 3932 aquilonia
1408 3848 1509 3932 signe.

532 4054 584 4108 344
603 4052 738 4108 adecctol
756 4054 872 4108 cdeudet
891 4056 916 4107 et
936 4067 963 4106 m
982 4050 1028 4119 (Ε)
1047 4052 1178 4107 cdcudeto
1195 4055 1221 4106 ct
1238 4066 1267 4106 m
1285 4050 1330 4119 (L)
1350 4053 1395 4107 cui
1413 4066 1433 4121 g
1451 4069 1498 4107 ceu
1516 4067 1538 4103 c)
1556 4053 1685 4108 mendic
1703 4080 1739 4089 —

425 4152 477 4206 347
496 4152 621 4206 hoccccni
633 4165 649 4205 c
672 4153 763 4206 octaui
774 4166 805 4206 m
830 4179 862 4186 —
886 4151 938 4205 348
958 4151 1022 4204 diuo
1035 4164 1065 4204 m
1088 4167 1172 4218 murce
1186 4166 1208 4200 rc
1233 4178 1266 4186 —
1289 4151 1340 4205 349
1360 4151 1444 4206 clerte
1458 4165 1486 4205 m
1507 4178 1539 4188 -
1559 4151 1612 4206 350
1630 4152 1739 4208 Aedro-

424 4251 534 4305 medco
554 4277 585 4285 -
609 4250 660 4303 351
682 4254 707 4304 et
725 4251 794 4319 n'pit
806 4264 834 4302 ru
860 4275 893 4285 —
913 4248 1055 4303 352-354
1075 4248 1182 4302 dictim
1199 4250 1287 4317 spatio
1305 4249 1376 4316 quod
1394 4250 1478 4303 tertio
1497 4249 1622 4319 lampade
1635 4249 1656 4316 (l
1671 4250 1739 4305 lom·

424 4348 499 4417 poda
511 4348 545 4412 ω)
568 4349 733 4417 conspicitur
746 4347 863 4417 parthus
887 4346 1003 4400 deltoton
1027 4347 1103 4411 (inde
1121 4346 1173 4399 tolo
1191 4344 1231 4409 ln)
1255 4347 1363 4400 nomine
1380 4347 1458 4401 eidm
1478 4365 1512 4401 coc
1529 4348 1617 4403 simili
1635 4349 1738 4403 dictum

427 4446 538 4515 ceplccue
556 4450 581 4500 et
601 4447 742 4516 Cassiopea
759 4458 775 4497 ο
799 4471 835 4482 -
859 4444 910 4498 354
930 4445 1094 4512 sequnntur
1112 4442 1142 4497 in
1161 4456 1178 4495 0
1201 4443 1342 4498 399-402
1366 4441 1438 4500 ‘hoec
1456 4462 1575 4500 corucem
1595 4474 1627 4482 —
1646 4448 1739 4501 sidera

426 4541 547 4598 miscent
572 4542 642 4605 (duo
665 4541 737 4596 folia
761 4541 1015 4610 quadragenorum
1040 4543 1249 4609 quaternorum
1275 4555 1412 4598 uersuum
1436 4559 1574 4612 peruerse
1601 4541 1738 4611 colligate

426 4654 510 4705 erant
525 4650 553 4705 in
576 4652 597 4704 h
613 4647 760 4714 ‘Dubner')
778 4676 809 4685 -
829 4647 880 4701 355
891 4649 1015 4703 relictam
1029 4663 1045 4702 ο
1062 4678 1094 4685 -
1106 4650 1157 4702 356
1164 4650 1249 4718 piscis
1261 4664 1278 4702 o
1292 4678 1324 4685 -
1338 4652 1391 4705 353
1405 4653 1434 4705 tc
1447 4650 1503 4719 lgc
1522 4671 1556 4707 uc
1569 4668 1596 4707 m
1607 4614 1739 4723 lfflsslg

425 4754 549 4804 seruere
565 4777 596 4787 -—
611 4750 662 4802 359
676 4749 810 4815 ecitioque
822 4762 842 4813 g
855 4775 888 4783 -
901 4747 954 4801 360
968 4752 1111 4815 testemque
1124 4761 1140 4800 ο
1154 4775 1187 4783 -
1201 4747 1250 4800 361
1265 4766 1333 4802 neco
1347 4763 1363 4801 0
1375 4778 1407 4785 —
1421 4748 1478 4803 362·
1487 4752 1611 4806 eniocltue
1625 4752 1692 4821 glm
1705 4781 1737 4789 -

427 4857 479 4912 ece
498 4859 625 4927 promo
650 4884 682 4891 —
706 4856 759 4910 ece
774 4818 871 4910 tll'tr
891 4860 989 4908 conco
1018 4880 1050 4891 -
1074 4855 1283 4909 cccccccccc
1300 4869 1327 4909 m
1347 4857 1483 4911 trecente
1497 4874 1518 4908 ω
1541 4860 1634 4913 crem
1651 4873 1680 4913 m
1704 4888 1737 4896 -

422 4957 480 5012 ,366
499 4956 602 5010 nubiles
614 4954 681 5008 lmc
699 4954 832 5021 notitieg
851 4982 883 4990 -
903 4952 954 5006 371
976 4952 1116 5021 iurcqucl
1135 4957 1253 5021 utroque
1266 4969 1287 5003 ω
1307 4982 1339 4990 -
1360 4955 1410 5007 372
1431 4955 1528 5011 borean
1546 4970 1565 5024 g
1584 4958 1691 5012 boream
1708 4972 1737 5011 ω.
