4134 5834
943 625 1031 682 liber
1050 626 1083 682 Il.
1121 628 1272 683 225--252,

551 868 592 911 ‘te
607 866 725 909 cancer
748 850 780 909 et
804 846 907 909 effuso
931 845 1112 928 gaudentes
1136 866 1277 929 aequore
1301 846 1415 931 pisces.

607 959 683 1017 suat
706 974 790 1037 quae
813 960 945 1016 terrena
969 958 1144 1016 censentur
1166 952 1273 1016 sidera
1294 960 1389 1032 sorte,

608 1061 759 1145 princeps
783 1060 920 1124 armenti
945 1067 1058 1124 taurus
1082 1080 1247 1144 regnoque
1272 1042 1430 1145 superbus

605 1168 742 1253 lanigeri
766 1168 876 1251 gregis
900 1174 948 1231 est
972 1168 1056 1231 ories
1081 1168 1245 1252 pestisque
1269 1167 1405 1232 duorum

609 1275 848 1360 praedatorque
871 1274 922 1338 leo
947 1282 979 1337 ct
1002 1275 1146 1339 dumosis
1171 1276 1316 1360 scorpius
1340 1277 1436 1339 aruis.

555 1406 596 1448 zm
610 1388 685 1445 sunt
708 1382 806 1445 etiam
832 1381 958 1445 mediae
982 1382 1065 1464 legis
1088 1382 1273 1446 communia
1297 1383 1400 1465 signa,

610 1489 783 1572 ambiguus
807 1496 914 1552 terrae
938 1489 1156 1572 capricornus,
1182 1490 1334 1573 aquarius
1358 1490 1463 1572 undis,

606 1613 754 1675 pureque
777 1591 908 1655 sicariae
933 1592 1044 1656 nitens·
1066 1593 1240 1674 fundentis
1264 1615 1393 1677 seraper
1417 1596 1555 1679 apciora·

612 1703 723 1766 umida
747 1702 885 1765 terrenis
908 1703 1037 1786 aequali
1061 1701 1192 1766 foedere
1216 1705 1325 1768 mixta.

666 1830 730 1872 non
754 1809 830 1872 licet
853 1830 873 1872 a
896 1809 1039 1874 minimis
1063 1812 1207 1874 animum
1232 1812 1402 1877 deflectere
1427 1815 1521 1894 curis,

558 1939 598 1979 aas
613 1936 672 1979 nec
696 1917 870 2001 quicquam
894 1918 1029 1981 rationis
1054 1924 1127 2000 eget
1149 1917 1311 1983 frustrane
1335 1929 1487 1986 creatum.

613 2022 787 2087 secundum
813 2031 862 2088 est
885 2026 1015 2110 proprie
1040 2027 1148 2089 cancri
1172 2047 1274 2110 genus
1298 2049 1373 2092 acer
1396 2036 1428 2093 et
1451 2031 1516 2093 ictu

613 2131 757 2214 scorpios
781 2137 814 2194 et
836 2138 932 2216 partu
955 2133 1154 2217 complentes
1179 2154 1320 2219 aequora
1343 2135 1456 2220 pisces.

613 2238 670 2299 sed
694 2238 812 2302 sterilis
837 2240 929 2323 uirgo
955 2246 1003 2304 est
1026 2240 1123 2304 simili
1147 2242 1319 2307 coniuncte
1341 2244 1442 2323 leoni;

614 2365 674 2408 nec
697 2345 793 2431 capit,
817 2354 874 2411 aut
897 2353 1008 2433 captos
1030 2348 1168 2413 effundit
1190 2351 1342 2434 aquarius
1366 2358 1464 2417 ortus.

559 2451 697 2516 miater
721 2460 894 2539 utrumque
918 2463 1027 2520 manet
1051 2457 1259 2540 capricornus
1284 2478 1416 2544 corpore
1439 2460 1549 2540 mixto,

613 2560 723 2645 etqui
747 2558 884 2626 Cretaeo
909 2561 1012 2647 fulget
1035 2569 1208 2628 centaurus
1232 2565 1265 2628 in
1289 2586 1376 2646 arcu,

613 2669 859 2753 communisque
882 2672 965 2733 aries
989 2678 1184 2755 aequantem
1207 2678 1353 2758 tempore
1378 2674 1494 2738 libram

613 2780 645 2837 et
668 2776 815 2859 geminos
839 2783 1033 2862 taurumque
1057 2780 1127 2863 pari
1151 2780 1210 2844 sub
1234 2786 1319 2845 sorte
1343 2789 1498 2847 recenset.

667 2902 726 2947 nec
750 2891 784 2948 tu
809 2885 898 2949 nulla
921 2893 1014 2971 putes
1039 2887 1073 2951 in
1097 2908 1134 2951 eo
1160 2894 1341 2954 commenta
1365 2890 1489 2954 locasse

559 2996 762 3055 coenaturum
787 3013 906 3073 rerum,
931 2995 1017 3078 quod
1042 3002 1118 3058 sunt
1141 2996 1305 3060 currentia
1327 2997 1497 3081 quaedam,

614 3102 648 3159 ut
671 3098 721 3162 leo
745 3106 778 3163 et
801 3101 984 3166 arcitenens
1008 3104 1157 3186 ariesque
1180 3104 1214 3165 in
1238 3123 1360 3167 cornua
1384 3109 1494 3168 tortus.

609 3211 664 3268 aut
687 3228 771 3290 quae
795 3218 884 3272 recta
908 3209 974 3272 suis
998 3209 1161 3273 librantur
1184 3210 1303 3273 stantia
1326 3212 1489 3290 membris,

613 3319 648 3374 ut
673 3314 764 3399 uirgo
789 3321 821 3376 et
845 3316 965 3397 gemini
990 3311 1129 3379 fundens
1154 3324 1185 3379 et
1209 3317 1362 3399 aquarius
1386 3319 1498 3383 undas.

613 3419 665 3481 uel
689 3442 773 3506 quae
797 3422 884 3485 sessa
907 3421 1022 3486 sedent
1044 3423 1153 3506 pigras
1177 3423 1352 3487 referentia
1376 3432 1509 3504 mentes,

559 3554 598 3592 rso
613 3533 725 3591 taurus
748 3527 904 3613 depositis
927 3530 1009 3593 collo
1034 3530 1157 3615 sopitus
1182 3530 1307 3611 aratris,

610 3636 693 3701 libra
717 3637 776 3701 sub
801 3638 937 3701 emerito
960 3637 1131 3702 considens
1155 3637 1232 3701 orbe
1256 3637 1414 3717 laborum,

613 3750 711 3829 tuque
736 3751 802 3825 tuo,
827 3745 1025 3829 capricorno,
1051 3745 1125 3829 gelu
1151 3749 1335 3809 contractus
1359 3747 1391 3809 in
1416 3748 1518 3811 astris.

560 4057 777 4126 tssfrpcudeatoe
799 4058 831 4112 in
854 4059 1128 4126 aequoreo-226
1154 4056 1275 4111 Vto-
1301 4056 1769 4127 ttSpoettiosoelgcpostdqucm

451 4154 617 4210 saonam
639 4182 673 4191 -
693 4156 744 4209 229
763 4154 1135 4222 bodamoeuoscapiuso
1156 4183 1188 4191 -
1209 4155 1258 4207 231
1280 4150 1437 4222 ombiptosl
1456 4153 1625 4222 comacum
1640 4154 1687 4221 (E)
1711 4173 1767 4211 cm-

451 4250 538 4320 ttpius
554 4266 582 4305 m
606 4252 652 4317 (l)
680 4284 711 4292 —
739 4255 791 4307 232
815 4252 936 4321 Parsque
958 4252 1104 4307 auriaco
1132 4256 1205 4307 tuae
1224 4266 1251 4305 m
1276 4250 1320 4315 (l)
1349 4257 1437 4304 amru
1453 4265 1482 4304 m
1505 4250 1549 4315 (ll)
1577 4254 1676 4319 oquoaa'
1693 4269 1770 4322 gom

451 4347 587 4416 aquus-M
614 4377 644 4385 -
674 4350 726 4404 233
751 4354 831 4418 ctqroe
855 4350 929 4404 illio
958 4351 1127 4419 deponerem
1150 4349 1241 4416 decere
1259 4363 1280 4397 ω
1306 4375 1337 4383 -
1363 4349 1431 4401 ante
1455 4347 1507 4400 234
1535 4349 1591 4426 an
1611 4350 1771 4425 spsmdag

452 4462 520 4515 quae
540 4445 662 4514 facunda
678 4448 827 4502 habeantur
847 4463 874 4501 m
903 4449 955 4502 234
972 4446 1076 4501 cauda
1096 4461 1125 4500 m
1147 4445 1189 4511 (in
1206 4458 1297 4511 marg.
1316 4445 1401 4506 corr.)
1420 4473 1452 4480 -
1473 4446 1524 4497 235
1540 4445 1682 4512 qscicquam
1699 4447 1770 4516 lgm

450 4538 661 4613 fmtro¹¹⁰g—
676 4546 727 4599 236
737 4546 866 4614 proprius
882 4575 913 4582 —
929 4546 980 4600 237
999 4543 1141 4610 Scapiosl
1159 4540 1337 4608 scorpiosgm
1355 4541 1502 4607 scorpiace
1525 4571 1555 4576 -
1579 4543 1631 4595 238
1648 4545 1770 4613 similisl

451 4641 547 4696 similas
560 4657 588 4696 m
607 4642 692 4696 simili
704 4658 744 4709 gc
765 4674 795 4680 -
818 4646 869 4696 239
887 4640 1065 4710 είρξιὴιηάίίί
1085 4644 1113 4693 ct
1128 4638 1222 4707 suadit
1236 4652 1264 4690 m
1284 4636 1402 4703 efferato
1419 4651 1458 4702 gc
1479 4665 1510 4673 -
1530 4639 1582 4690 240
1600 4637 1714 4695 vorem}
1735 4671 1768 4680 -

243 4704 245 4719 l
266 4797 268 4802 ,
453 4741 502 4794 241
524 4740 837 4808 cretuloc'creteolgm
860 4771 891 4779 —
912 4742 964 4793 242
986 4742 1146 4805 temporam
1172 4743 1322 4803 temporeo>
1348 4759 1379 4768 -
1407 4733 1457 4786 243
1483 4736 1591 4786 luuram
1606 4736 1673 4802 pori
1685 4750 1714 4791 m
1735 4773 1770 4780 ..

453 4837 522 4892 aute
535 4836 587 4890 244
606 4837 662 4906 Quo
679 4839 820 4892 ammata
837 4846 884 4892 aut
904 4841 1010 4904 rectug
1030 4851 1081 4913 (μς
1093 4834 1182 4887 mato.
1200 4846 1230 4886 m
1250 4832 1302 4883 244
1320 4843 1455 4883 comesto
1473 4857 1504 4866 -
1524 4830 1574 4882 247
1593 4830 1725 4887 librantur
1738 4835 1770 4891 lc

242 4727 396 5153 h
452 4934 655 5002 consurgis
679 4935 793 4990 ramam
807 4936 841 5008 lg
858 4965 891 4972 —
910 4938 980 4990 ante
994 4936 1047 4988 249
1065 4948 1115 5000 quc
1132 4924 1507 4992 sedenttaauttoceatiogm
1531 4928 1581 4988 249
1601 4926 1631 4992 let
1644 4927 1651 4980 l
1669 4947 1738 5015 pecc
1752 4933 1770 4992 ι,
