<?xml version="1.0" encoding="UTF-8"?>
<!DOCTYPE html PUBLIC "-//W3C//DTD XHTML 1.0 Transitional//EN"
    "http://www.w3.org/TR/xhtml1/DTD/xhtml1-transitional.dtd">
<html xmlns="http://www.w3.org/1999/xhtml" xml:lang="en" lang="en">
 <head>
  <title>
</title>
<meta http-equiv="Content-Type" content="text/html;charset=utf-8" />
  <meta name='ocr-system' content='tesseract 3.04.00' />
  <meta name='ocr-capabilities' content='ocr_page ocr_carea ocr_par ocr_line ocrx_word'/>
</head>
<body>
  <div class='ocr_page' id='page_1' title='image "./mmaniliiastrono00breigoog/mmaniliiastrono00breigoog_0079.png"; bbox 0 0 4134 5834; ppageno 0'>
   <div class='ocr_carea' id='block_1_1' title="bbox 811 643 1136 701">
    <p class='ocr_par' dir='ltr' id='par_1_1' title="bbox 811 643 1136 701">
     <span class='ocr_line' id='line_1_1' title="bbox 811 643 1136 701; baseline -0.003 0"><span class='ocrx_word' id='word_1_1' title='bbox 811 643 897 701; x_wconf 84' lang='lat' dir='ltr'>Liber</span> <span class='ocrx_word' id='word_1_2' title='bbox 915 644 949 701; x_wconf 90' lang='lat' dir='ltr'>ll.</span> <span class='ocrx_word' id='word_1_3' title='bbox 986 646 1136 701; x_wconf 74' lang='lat'><strong>798-829.</strong></span> 
     </span>
    </p>
   </div>
   <div class='ocr_carea' id='block_1_2' title="bbox 390 850 1507 4281">
    <p class='ocr_par' dir='ltr' id='par_1_2' title="bbox 390 850 1507 4281">
     <span class='ocr_line' id='line_1_2' title="bbox 480 850 1228 949; baseline -0.004 -21"><span class='ocrx_word' id='word_1_4' title='bbox 480 864 546 928; x_wconf 87' lang='lat' dir='ltr'>ima</span> <span class='ocrx_word' id='word_1_5' title='bbox 570 850 659 925; x_wconf 69' lang='lat' dir='ltr'>tenet</span> <span class='ocrx_word' id='word_1_6' title='bbox 684 853 817 949; x_wconf 83' lang='lat' dir='ltr'>quartus</span> <span class='ocrx_word' id='word_1_7' title='bbox 841 862 976 927; x_wconf 81' lang='lat' dir='ltr'>fundato</span> <span class='ocrx_word' id='word_1_8' title='bbox 1000 861 1117 926; x_wconf 91' lang='lat' dir='ltr'>nobilis</span> <span class='ocrx_word' id='word_1_9' title='bbox 1140 861 1228 942; x_wconf 88' lang='lat' dir='ltr'>orbe,</span> 
     </span>
     <span class='ocr_line' id='line_1_3' title="bbox 481 968 1356 1056; baseline -0.002 -21"><span class='ocrx_word' id='word_1_10' title='bbox 481 972 514 1035; x_wconf 91' lang='lat' dir='ltr'>in</span> <span class='ocrx_word' id='word_1_11' title='bbox 538 991 601 1056; x_wconf 89' lang='lat' dir='ltr'>quo</span> <span class='ocrx_word' id='word_1_12' title='bbox 624 970 818 1056; x_wconf 90' lang='lat' dir='ltr'>principium</span> <span class='ocrx_word' id='word_1_13' title='bbox 842 975 891 1034; x_wconf 86' lang='lat' dir='ltr'>est</span> <span class='ocrx_word' id='word_1_14' title='bbox 913 969 1035 1033; x_wconf 88' lang='lat' dir='ltr'>reditus</span> <span class='ocrx_word' id='word_1_15' title='bbox 1058 968 1196 1054; x_wconf 87' lang='lat' dir='ltr'>finisque</span> <span class='ocrx_word' id='word_1_16' title='bbox 1220 968 1356 1033; x_wconf 88' lang='lat' dir='ltr'>cadendi</span> 
     </span>
     <span class='ocr_line' id='line_1_4' title="bbox 426 1077 1321 1163; baseline -0.004 -19"><span class='ocrx_word' id='word_1_17' title='bbox 426 1100 467 1144; x_wconf 86' lang='lat' dir='ltr'>eoo</span> <span class='ocrx_word' id='word_1_18' title='bbox 481 1078 649 1158; x_wconf 81' lang='lat' dir='ltr'>sideribus,</span> <span class='ocrx_word' id='word_1_19' title='bbox 675 1078 860 1163; x_wconf 74' lang='lat' dir='ltr'>pariterque</span> <span class='ocrx_word' id='word_1_20' title='bbox 884 1097 1017 1142; x_wconf 78' lang='lat' dir='ltr'><strong>occasus</strong></span> <span class='ocrx_word' id='word_1_21' title='bbox 1041 1077 1144 1141; x_wconf 89' lang='lat' dir='ltr'>cernit</span> <span class='ocrx_word' id='word_1_22' title='bbox 1167 1083 1200 1140; x_wconf 88' lang='lat' dir='ltr'>et</span> <span class='ocrx_word' id='word_1_23' title='bbox 1223 1083 1321 1141; x_wconf 88' lang='lat' dir='ltr'>ortus.</span> 
     </span>
     <span class='ocr_line' id='line_1_5' title="bbox 481 1186 1507 1271; baseline 0 -22"><span class='ocrx_word' id='word_1_24' title='bbox 481 1186 560 1250; x_wconf 86' lang='lat' dir='ltr'>haec</span> <span class='ocrx_word' id='word_1_25' title='bbox 584 1186 655 1250; x_wconf 87' lang='lat' dir='ltr'>loca</span> <span class='ocrx_word' id='word_1_26' title='bbox 679 1187 870 1271; x_wconf 85' lang='lat' dir='ltr'>praecipuas</span> <span class='ocrx_word' id='word_1_27' title='bbox 895 1187 980 1249; x_wconf 83' lang='lat' dir='ltr'>uires</span> <span class='ocrx_word' id='word_1_28' title='bbox 1004 1205 1212 1269; x_wconf 86' lang='lat' dir='ltr'>summosque</span> <span class='ocrx_word' id='word_1_29' title='bbox 1236 1206 1294 1270; x_wconf 92' lang='lat' dir='ltr'>per</span> <span class='ocrx_word' id='word_1_30' title='bbox 1317 1192 1419 1250; x_wconf 88' lang='lat' dir='ltr'>artem</span> <span class='ocrx_word' id='word_1_31' title='bbox 1505 1260 1507 1264; x_wconf 23' lang='lat'>¹</span> 
     </span>
     <span class='ocr_line' id='line_1_6' title="bbox 480 1292 1321 1378; baseline 0.001 -22"><span class='ocrx_word' id='word_1_32' title='bbox 480 1292 619 1357; x_wconf 86' lang='lat' dir='ltr'>fatorum</span> <span class='ocrx_word' id='word_1_33' title='bbox 645 1293 777 1357; x_wconf 81' lang='lat' dir='ltr'>effectus</span> <span class='ocrx_word' id='word_1_34' title='bbox 801 1294 956 1370; x_wconf 83' lang='lat' dir='ltr'>referunt,</span> <span class='ocrx_word' id='word_1_35' title='bbox 983 1292 1069 1378; x_wconf 96' lang='lat' dir='ltr'>quod</span> <span class='ocrx_word' id='word_1_36' title='bbox 1092 1300 1178 1357; x_wconf 88' lang='lat' dir='ltr'>totus</span> <span class='ocrx_word' id='word_1_37' title='bbox 1202 1294 1234 1356; x_wconf 89' lang='lat' dir='ltr'>in</span> <span class='ocrx_word' id='word_1_38' title='bbox 1259 1293 1321 1357; x_wconf 92' lang='lat' dir='ltr'>illis</span> 
     </span>
     <span class='ocr_line' id='line_1_7' title="bbox 479 1400 1247 1486; baseline -0.001 -21"><span class='ocrx_word' id='word_1_39' title='bbox 479 1402 592 1465; x_wconf 88' lang='lat' dir='ltr'>nititur</span> <span class='ocrx_word' id='word_1_40' title='bbox 615 1400 767 1465; x_wconf 83' lang='lat' dir='ltr'>aetheriis</span> <span class='ocrx_word' id='word_1_41' title='bbox 790 1402 890 1466; x_wconf 92' lang='lat' dir='ltr'>ueluti</span> <span class='ocrx_word' id='word_1_42' title='bbox 915 1401 1126 1486; x_wconf 77' lang='lat' dir='ltr'>compagibus</span> <span class='ocrx_word' id='word_1_43' title='bbox 1150 1401 1247 1465; x_wconf 93' lang='lat' dir='ltr'>orbis.</span> 
     </span>
     <span class='ocr_line' id='line_1_8' title="bbox 480 1509 1280 1594; baseline 0 -22"><span class='ocrx_word' id='word_1_44' title='bbox 480 1530 563 1593; x_wconf 93' lang='lat' dir='ltr'>quae</span> <span class='ocrx_word' id='word_1_45' title='bbox 587 1509 648 1573; x_wconf 86' lang='lat' dir='ltr'>nisi</span> <span class='ocrx_word' id='word_1_46' title='bbox 671 1510 834 1594; x_wconf 87' lang='lat' dir='ltr'>perpetuis</span> <span class='ocrx_word' id='word_1_47' title='bbox 858 1509 983 1574; x_wconf 85' lang='lat' dir='ltr'>alterna</span> <span class='ocrx_word' id='word_1_48' title='bbox 1007 1514 1093 1573; x_wconf 90' lang='lat' dir='ltr'>sorte</span> <span class='ocrx_word' id='word_1_49' title='bbox 1117 1509 1280 1573; x_wconf 88' lang='lat' dir='ltr'>uolantem</span> 
     </span>
     <span class='ocr_line' id='line_1_9' title="bbox 426 1616 1341 1702; baseline -0.002 -21"><span class='ocrx_word' id='word_1_50' title='bbox 426 1639 466 1681; x_wconf 73' lang='lat' dir='ltr'>roe</span> <span class='ocrx_word' id='word_1_51' title='bbox 480 1617 626 1680; x_wconf 78' lang='lat' dir='ltr'>cursibus</span> <span class='ocrx_word' id='word_1_52' title='bbox 649 1618 811 1702; x_wconf 83' lang='lat' dir='ltr'>excipiant</span> <span class='ocrx_word' id='word_1_53' title='bbox 834 1622 1029 1702; x_wconf 80' lang='lat' dir='ltr'>nectuntque</span> <span class='ocrx_word' id='word_1_54' title='bbox 1052 1617 1087 1681; x_wconf 92' lang='lat' dir='ltr'>iu</span> <span class='ocrx_word' id='word_1_55' title='bbox 1111 1616 1241 1680; x_wconf 85' lang='lat' dir='ltr'>uincula</span> <span class='ocrx_word' id='word_1_56' title='bbox 1264 1616 1341 1680; x_wconf 84' lang='lat' dir='ltr'>bina</span> 
     </span>
     <span class='ocr_line' id='line_1_10' title="bbox 390 1705 1487 1809; baseline 0 -22"><span class='ocrx_word' id='word_1_57' title='bbox 390 1705 395 1714; x_wconf 51' lang='grc'><strong><em>’</em></strong></span> <span class='ocrx_word' id='word_1_58' title='bbox 479 1745 539 1808; x_wconf 88' lang='lat' dir='ltr'>per</span> <span class='ocrx_word' id='word_1_59' title='bbox 560 1724 663 1788; x_wconf 87' lang='lat' dir='ltr'>latera</span> <span class='ocrx_word' id='word_1_60' title='bbox 686 1729 786 1809; x_wconf 88' lang='lat' dir='ltr'>atque</span> <span class='ocrx_word' id='word_1_61' title='bbox 810 1725 910 1789; x_wconf 92' lang='lat' dir='ltr'>imum</span> <span class='ocrx_word' id='word_1_62' title='bbox 935 1725 1047 1809; x_wconf 87' lang='lat' dir='ltr'>templi</span> <span class='ocrx_word' id='word_1_63' title='bbox 1071 1744 1298 1808; x_wconf 87' lang='lat' dir='ltr'>summumque</span> <span class='ocrx_word' id='word_1_64' title='bbox 1321 1744 1487 1803; x_wconf 82' lang='lat' dir='ltr'>cacumen,</span> 
     </span>
     <span class='ocr_line' id='line_1_11' title="bbox 480 1830 1245 1897; baseline -0.003 -1"><span class='ocrx_word' id='word_1_65' title='bbox 480 1832 651 1896; x_wconf 87' lang='lat' dir='ltr'>dissociata</span> <span class='ocrx_word' id='word_1_66' title='bbox 673 1832 754 1896; x_wconf 85' lang='lat' dir='ltr'>fluat</span> <span class='ocrx_word' id='word_1_67' title='bbox 776 1833 916 1897; x_wconf 88' lang='lat' dir='ltr'>resoluto</span> <span class='ocrx_word' id='word_1_68' title='bbox 941 1832 1092 1896; x_wconf 89' lang='lat' dir='ltr'>machina</span> <span class='ocrx_word' id='word_1_69' title='bbox 1114 1830 1245 1896; x_wconf 89' lang='lat' dir='ltr'>mundo.</span> 
     </span>
     <span class='ocr_line' id='line_1_12' title="bbox 533 1938 1392 2023; baseline -0.001 -21"><span class='ocrx_word' id='word_1_70' title='bbox 533 1940 589 2003; x_wconf 90' lang='lat' dir='ltr'>sed</span> <span class='ocrx_word' id='word_1_71' title='bbox 613 1940 743 2005; x_wconf 87' lang='lat' dir='ltr'>diuersa</span> <span class='ocrx_word' id='word_1_72' title='bbox 765 1946 873 2005; x_wconf 88' lang='lat' dir='ltr'>tamen</span> <span class='ocrx_word' id='word_1_73' title='bbox 897 1942 947 2005; x_wconf 93' lang='lat' dir='ltr'>uis</span> <span class='ocrx_word' id='word_1_74' title='bbox 971 1940 1075 2003; x_wconf 91' lang='lat' dir='ltr'>estin</span> <span class='ocrx_word' id='word_1_75' title='bbox 1099 1938 1230 2003; x_wconf 87' lang='lat' dir='ltr'>cardine</span> <span class='ocrx_word' id='word_1_76' title='bbox 1254 1959 1392 2023; x_wconf 89' lang='lat' dir='ltr'>quoque,</span> 
     </span>
     <span class='ocr_line' id='line_1_13' title="bbox 480 2046 1349 2132; baseline -0.001 -22"><span class='ocrx_word' id='word_1_77' title='bbox 480 2052 512 2110; x_wconf 91' lang='lat' dir='ltr'>et</span> <span class='ocrx_word' id='word_1_78' title='bbox 534 2068 593 2131; x_wconf 91' lang='lat' dir='ltr'>pro</span> <span class='ocrx_word' id='word_1_79' title='bbox 617 2054 703 2112; x_wconf 86' lang='lat' dir='ltr'>sorte</span> <span class='ocrx_word' id='word_1_80' title='bbox 726 2049 788 2113; x_wconf 87' lang='lat' dir='ltr'>loci</span> <span class='ocrx_word' id='word_1_81' title='bbox 811 2048 941 2113; x_wconf 87' lang='lat' dir='ltr'>uariant</span> <span class='ocrx_word' id='word_1_82' title='bbox 964 2055 1061 2132; x_wconf 87' lang='lat' dir='ltr'>atque</span> <span class='ocrx_word' id='word_1_83' title='bbox 1084 2046 1197 2110; x_wconf 90' lang='lat' dir='ltr'>ordine</span> <span class='ocrx_word' id='word_1_84' title='bbox 1221 2046 1349 2110; x_wconf 86' lang='lat' dir='ltr'>distant.</span> 
     </span>
     <span class='ocr_line' id='line_1_14' title="bbox 426 2152 1325 2240; baseline -0.003 -21"><span class='ocrx_word' id='word_1_85' title='bbox 426 2176 467 2220; x_wconf 83' lang='lat' dir='ltr'>ero</span> <span class='ocrx_word' id='word_1_86' title='bbox 480 2155 603 2239; x_wconf 90' lang='lat' dir='ltr'>primus</span> <span class='ocrx_word' id='word_1_87' title='bbox 627 2157 698 2237; x_wconf 88' lang='lat' dir='ltr'>erit,</span> <span class='ocrx_word' id='word_1_88' title='bbox 722 2156 838 2220; x_wconf 90' lang='lat' dir='ltr'>summi</span> <span class='ocrx_word' id='word_1_89' title='bbox 864 2157 919 2240; x_wconf 93' lang='lat' dir='ltr'>qui</span> <span class='ocrx_word' id='word_1_90' title='bbox 941 2164 1058 2239; x_wconf 85' lang='lat' dir='ltr'>regnat</span> <span class='ocrx_word' id='word_1_91' title='bbox 1081 2153 1222 2218; x_wconf 92' lang='lat' dir='ltr'>culmine</span> <span class='ocrx_word' id='word_1_92' title='bbox 1245 2152 1325 2217; x_wconf 89' lang='lat' dir='ltr'>caeli</span> 
     </span>
     <span class='ocr_line' id='line_1_15' title="bbox 482 2260 1270 2349; baseline -0.001 -24"><span class='ocrx_word' id='word_1_93' title='bbox 482 2269 514 2325; x_wconf 88' lang='lat' dir='ltr'>et</span> <span class='ocrx_word' id='word_1_94' title='bbox 537 2262 680 2327; x_wconf 87' lang='lat' dir='ltr'>medium</span> <span class='ocrx_word' id='word_1_95' title='bbox 704 2264 792 2327; x_wconf 88' lang='lat' dir='ltr'>tenui</span> <span class='ocrx_word' id='word_1_96' title='bbox 816 2264 954 2349; x_wconf 91' lang='lat' dir='ltr'>partitur</span> <span class='ocrx_word' id='word_1_97' title='bbox 977 2263 1079 2326; x_wconf 86' lang='lat' dir='ltr'>limite</span> <span class='ocrx_word' id='word_1_98' title='bbox 1102 2260 1270 2341; x_wconf 88' lang='lat' dir='ltr'>mundum,</span> 
     </span>
     <span class='ocr_line' id='line_1_16' title="bbox 479 2369 1267 2455; baseline -0.001 -22"><span class='ocrx_word' id='word_1_99' title='bbox 479 2390 575 2455; x_wconf 91' lang='lat' dir='ltr'>qucm</span> <span class='ocrx_word' id='word_1_100' title='bbox 600 2372 687 2455; x_wconf 84' lang='lat' dir='ltr'>capit</span> <span class='ocrx_word' id='word_1_101' title='bbox 710 2371 837 2435; x_wconf 84' lang='lat' dir='ltr'>excelsa</span> <span class='ocrx_word' id='word_1_102' title='bbox 860 2369 1030 2434; x_wconf 88' lang='lat' dir='ltr'>sublimem</span> <span class='ocrx_word' id='word_1_103' title='bbox 1054 2369 1159 2454; x_wconf 87' lang='lat' dir='ltr'>gloria</span> <span class='ocrx_word' id='word_1_104' title='bbox 1181 2369 1267 2432; x_wconf 86' lang='lat' dir='ltr'>eade.</span> 
     </span>
     <span class='ocr_line' id='line_1_17' title="bbox 479 2476 1254 2561; baseline -0.001 -21"><span class='ocrx_word' id='word_1_105' title='bbox 479 2476 601 2541; x_wconf 88' lang='lat' dir='ltr'>scilicet</span> <span class='ocrx_word' id='word_1_106' title='bbox 622 2477 701 2542; x_wconf 89' lang='lat' dir='ltr'>haec</span> <span class='ocrx_word' id='word_1_107' title='bbox 725 2478 826 2543; x_wconf 89' lang='lat' dir='ltr'>tutela</span> <span class='ocrx_word' id='word_1_108' title='bbox 849 2478 942 2541; x_wconf 90' lang='lat' dir='ltr'>decet</span> <span class='ocrx_word' id='word_1_109' title='bbox 965 2477 1094 2561; x_wconf 82' lang='lat' dir='ltr'>fastigia</span> <span class='ocrx_word' id='word_1_110' title='bbox 1117 2497 1254 2554; x_wconf 84' lang='lat' dir='ltr'>summa,</span> 
     </span>
     <span class='ocr_line' id='line_1_18' title="bbox 479 2584 1495 2676; baseline -0.002 -28"><span class='ocrx_word' id='word_1_111' title='bbox 479 2584 632 2670; x_wconf 89' lang='lat' dir='ltr'>quicquid</span> <span class='ocrx_word' id='word_1_112' title='bbox 655 2593 690 2649; x_wconf 88' lang='lat' dir='ltr'>ut</span> <span class='ocrx_word' id='word_1_113' title='bbox 713 2586 854 2650; x_wconf 88' lang='lat' dir='ltr'>emineat</span> <span class='ocrx_word' id='word_1_114' title='bbox 876 2585 938 2649; x_wconf 88' lang='lat' dir='ltr'>sibi</span> <span class='ocrx_word' id='word_1_115' title='bbox 961 2584 1106 2648; x_wconf 87' lang='lat' dir='ltr'>uindicet</span> <span class='ocrx_word' id='word_1_116' title='bbox 1128 2589 1160 2647; x_wconf 93' lang='lat' dir='ltr'>et</span> <span class='ocrx_word' id='word_1_117' title='bbox 1183 2584 1281 2647; x_wconf 89' lang='lat' dir='ltr'>decus</span> <span class='ocrx_word' id='word_1_118' title='bbox 1305 2603 1400 2647; x_wconf 90' lang='lat' dir='ltr'>omne</span> <span class='ocrx_word' id='word_1_119' title='bbox 1493 2672 1495 2676; x_wconf 23' lang='grc' dir='ltr'>Ι</span> 
     </span>
     <span class='ocr_line' id='line_1_19' title="bbox 424 2690 1299 2777; baseline -0.001 -21"><span class='ocrx_word' id='word_1_120' title='bbox 424 2715 465 2758; x_wconf 80' lang='lat' dir='ltr'>ore</span> <span class='ocrx_word' id='word_1_121' title='bbox 479 2700 603 2757; x_wconf 86' lang='lat' dir='ltr'>asserat</span> <span class='ocrx_word' id='word_1_122' title='bbox 625 2698 657 2757; x_wconf 88' lang='lat' dir='ltr'>ct</span> <span class='ocrx_word' id='word_1_123' title='bbox 681 2695 788 2758; x_wconf 83' lang='lat' dir='ltr'>uarios</span> <span class='ocrx_word' id='word_1_124' title='bbox 812 2692 984 2757; x_wconf 88' lang='lat' dir='ltr'>tribuendo</span> <span class='ocrx_word' id='word_1_125' title='bbox 1009 2698 1124 2777; x_wconf 85' lang='lat' dir='ltr'>regnet</span> <span class='ocrx_word' id='word_1_126' title='bbox 1146 2690 1299 2768; x_wconf 83' lang='lat' dir='ltr'>honores3</span> 
     </span>
     <span class='ocr_line' id='line_1_20' title="bbox 478 2797 1379 2885; baseline -0.003 -22"><span class='ocrx_word' id='word_1_127' title='bbox 478 2800 553 2864; x_wconf 88' lang='lat' dir='ltr'>hino</span> <span class='ocrx_word' id='word_1_128' title='bbox 576 2801 671 2866; x_wconf 86' lang='lat' dir='ltr'>fauor</span> <span class='ocrx_word' id='word_1_129' title='bbox 694 2806 726 2864; x_wconf 87' lang='lat' dir='ltr'>et</span> <span class='ocrx_word' id='word_1_130' title='bbox 748 2801 871 2885; x_wconf 90' lang='lat' dir='ltr'>species</span> <span class='ocrx_word' id='word_1_131' title='bbox 895 2807 993 2885; x_wconf 90' lang='lat' dir='ltr'>atque</span> <span class='ocrx_word' id='word_1_132' title='bbox 1017 2800 1122 2864; x_wconf 83' lang='lat' dir='ltr'>omnis</span> <span class='ocrx_word' id='word_1_133' title='bbox 1145 2799 1250 2883; x_wconf 81' lang='lat' dir='ltr'>gratia</span> <span class='ocrx_word' id='word_1_134' title='bbox 1274 2797 1379 2882; x_wconf 86' lang='lat' dir='ltr'>uulgi:</span> 
     </span>
     <span class='ocr_line' id='line_1_21' title="bbox 478 2906 1317 2992; baseline -0.005 -20"><span class='ocrx_word' id='word_1_135' title='bbox 478 2907 614 2972; x_wconf 86' lang='lat' dir='ltr'>reddere</span> <span class='ocrx_word' id='word_1_136' title='bbox 637 2909 708 2971; x_wconf 87' lang='lat' dir='ltr'>iura</span> <span class='ocrx_word' id='word_1_137' title='bbox 731 2907 812 2986; x_wconf 82' lang='lat' dir='ltr'>foro,</span> <span class='ocrx_word' id='word_1_138' title='bbox 837 2928 1031 2992; x_wconf 88' lang='lat' dir='ltr'>componere</span> <span class='ocrx_word' id='word_1_139' title='bbox 1054 2906 1180 2991; x_wconf 82' lang='lat' dir='ltr'>legibus</span> <span class='ocrx_word' id='word_1_140' title='bbox 1204 2906 1317 2970; x_wconf 90' lang='lat' dir='ltr'>orbem</span> 
     </span>
     <span class='ocr_line' id='line_1_22' title="bbox 479 3013 1283 3099; baseline -0.004 -21"><span class='ocrx_word' id='word_1_141' title='bbox 479 3013 727 3099; x_wconf 82' lang='lat' dir='ltr'>foederibusque</span> <span class='ocrx_word' id='word_1_142' title='bbox 751 3015 817 3079; x_wconf 89' lang='lat' dir='ltr'>suis</span> <span class='ocrx_word' id='word_1_143' title='bbox 840 3020 989 3078; x_wconf 86' lang='lat' dir='ltr'>externas</span> <span class='ocrx_word' id='word_1_144' title='bbox 1012 3015 1147 3098; x_wconf 85' lang='lat' dir='ltr'>iungere</span> <span class='ocrx_word' id='word_1_145' title='bbox 1170 3018 1283 3097; x_wconf 84' lang='lat' dir='ltr'>gentes</span> 
     </span>
     <span class='ocr_line' id='line_1_23' title="bbox 479 3121 1293 3206; baseline -0.004 -22"><span class='ocrx_word' id='word_1_146' title='bbox 479 3127 511 3185; x_wconf 93' lang='lat' dir='ltr'>et</span> <span class='ocrx_word' id='word_1_147' title='bbox 533 3143 592 3206; x_wconf 92' lang='lat' dir='ltr'>pro</span> <span class='ocrx_word' id='word_1_148' title='bbox 617 3128 702 3186; x_wconf 88' lang='lat' dir='ltr'>sorte</span> <span class='ocrx_word' id='word_1_149' title='bbox 726 3143 785 3186; x_wconf 91' lang='lat' dir='ltr'>sua</span> <span class='ocrx_word' id='word_1_150' title='bbox 809 3121 965 3205; x_wconf 90' lang='lat' dir='ltr'>cuiusque</span> <span class='ocrx_word' id='word_1_151' title='bbox 990 3121 1142 3185; x_wconf 84' lang='lat' dir='ltr'>extollere</span> <span class='ocrx_word' id='word_1_152' title='bbox 1165 3140 1293 3184; x_wconf 91' lang='lat' dir='ltr'>nomen.</span> 
     </span>
     <span class='ocr_line' id='line_1_24' title="bbox 424 3227 1356 3313; baseline -0.003 -20"><span class='ocrx_word' id='word_1_153' title='bbox 424 3230 653 3312; x_wconf 84' lang='lat' dir='ltr'>eaoproximus,</span> <span class='ocrx_word' id='word_1_154' title='bbox 678 3235 727 3293; x_wconf 86' lang='lat' dir='ltr'>est</span> <span class='ocrx_word' id='word_1_155' title='bbox 750 3231 815 3293; x_wconf 89' lang='lat' dir='ltr'>ima</span> <span class='ocrx_word' id='word_1_156' title='bbox 839 3249 1038 3313; x_wconf 88' lang='lat' dir='ltr'>quamquam</span> <span class='ocrx_word' id='word_1_157' title='bbox 1062 3228 1199 3291; x_wconf 86' lang='lat' dir='ltr'>statione</span> <span class='ocrx_word' id='word_1_158' title='bbox 1223 3227 1356 3307; x_wconf 86' lang='lat' dir='ltr'>locatus,</span> 
     </span>
     <span class='ocr_line' id='line_1_25' title="bbox 479 3335 1244 3402; baseline -0.001 -3"><span class='ocrx_word' id='word_1_159' title='bbox 479 3336 614 3401; x_wconf 88' lang='lat' dir='ltr'>sustinet</span> <span class='ocrx_word' id='word_1_160' title='bbox 638 3338 779 3402; x_wconf 87' lang='lat' dir='ltr'>aeternis</span> <span class='ocrx_word' id='word_1_161' title='bbox 802 3337 914 3401; x_wconf 87' lang='lat' dir='ltr'>nixum</span> <span class='ocrx_word' id='word_1_162' title='bbox 937 3335 1100 3399; x_wconf 87' lang='lat' dir='ltr'>radicibus</span> <span class='ocrx_word' id='word_1_163' title='bbox 1123 3335 1244 3400; x_wconf 86' lang='lat' dir='ltr'>orbem.</span> 
     </span>
     <span class='ocr_line' id='line_1_26' title="bbox 480 3443 1274 3529; baseline 0 -22"><span class='ocrx_word' id='word_1_164' title='bbox 480 3444 596 3508; x_wconf 87' lang='lat' dir='ltr'>effectu</span> <span class='ocrx_word' id='word_1_165' title='bbox 620 3445 726 3510; x_wconf 89' lang='lat' dir='ltr'>minor</span> <span class='ocrx_word' id='word_1_166' title='bbox 748 3446 781 3509; x_wconf 91' lang='lat' dir='ltr'>in</span> <span class='ocrx_word' id='word_1_167' title='bbox 806 3445 924 3529; x_wconf 84' lang='lat' dir='ltr'>specie,</span> <span class='ocrx_word' id='word_1_168' title='bbox 948 3444 1004 3507; x_wconf 90' lang='lat' dir='ltr'>sed</span> <span class='ocrx_word' id='word_1_169' title='bbox 1030 3443 1133 3507; x_wconf 87' lang='lat' dir='ltr'>maior</span> <span class='ocrx_word' id='word_1_170' title='bbox 1155 3443 1188 3507; x_wconf 90' lang='lat' dir='ltr'>in</span> <span class='ocrx_word' id='word_1_171' title='bbox 1213 3464 1274 3507; x_wconf 89' lang='lat' dir='ltr'>usu</span> 
     </span>
     <span class='ocr_line' id='line_1_27' title="bbox 479 3550 1336 3636; baseline 0 -22"><span class='ocrx_word' id='word_1_172' title='bbox 479 3550 690 3615; x_wconf 86' lang='lat' dir='ltr'>fundamenta</span> <span class='ocrx_word' id='word_1_173' title='bbox 715 3559 801 3616; x_wconf 84' lang='lat' dir='ltr'>tenet</span> <span class='ocrx_word' id='word_1_174' title='bbox 825 3573 932 3616; x_wconf 89' lang='lat' dir='ltr'>rerum</span> <span class='ocrx_word' id='word_1_175' title='bbox 959 3571 1139 3636; x_wconf 92' lang='lat' dir='ltr'>censusque</span> <span class='ocrx_word' id='word_1_176' title='bbox 1163 3550 1336 3634; x_wconf 83' lang='lat' dir='ltr'>gubernat:</span> 
     </span>
     <span class='ocr_line' id='line_1_28' title="bbox 479 3657 1321 3742; baseline -0.004 -19"><span class='ocrx_word' id='word_1_177' title='bbox 479 3680 575 3742; x_wconf 88' lang='lat' dir='ltr'>quam</span> <span class='ocrx_word' id='word_1_178' title='bbox 600 3664 670 3723; x_wconf 85' lang='lat' dir='ltr'>rata</span> <span class='ocrx_word' id='word_1_179' title='bbox 693 3660 758 3723; x_wconf 88' lang='lat' dir='ltr'>sint</span> <span class='ocrx_word' id='word_1_180' title='bbox 780 3658 874 3722; x_wconf 86' lang='lat' dir='ltr'>fossis</span> <span class='ocrx_word' id='word_1_181' title='bbox 898 3663 1061 3722; x_wconf 87' lang='lat' dir='ltr'>scrutatur</span> <span class='ocrx_word' id='word_1_182' title='bbox 1085 3664 1161 3721; x_wconf 88' lang='lat' dir='ltr'>uota</span> <span class='ocrx_word' id='word_1_183' title='bbox 1183 3657 1321 3721; x_wconf 88' lang='lat' dir='ltr'>metallis</span> 
     </span>
     <span class='ocr_line' id='line_1_29' title="bbox 424 3765 1317 3851; baseline -0.004 -18"><span class='ocrx_word' id='word_1_184' title='bbox 424 3788 465 3833; x_wconf 76' lang='lat' dir='ltr'>eae</span> <span class='ocrx_word' id='word_1_185' title='bbox 479 3773 575 3851; x_wconf 89' lang='lat' dir='ltr'>atque</span> <span class='ocrx_word' id='word_1_186' title='bbox 599 3788 639 3830; x_wconf 84' lang='lat' dir='ltr'>ex</span> <span class='ocrx_word' id='word_1_187' title='bbox 663 3768 788 3831; x_wconf 86' lang='lat' dir='ltr'>occulto</span> <span class='ocrx_word' id='word_1_188' title='bbox 813 3772 969 3850; x_wconf 88' lang='lat' dir='ltr'>quantum</span> <span class='ocrx_word' id='word_1_189' title='bbox 993 3765 1182 3849; x_wconf 81' lang='lat' dir='ltr'>contingere</span> <span class='ocrx_word' id='word_1_190' title='bbox 1204 3766 1317 3850; x_wconf 91' lang='lat' dir='ltr'>possis.</span> 
     </span>
     <span class='ocr_line' id='line_1_30' title="bbox 480 3873 1258 3959; baseline -0.001 -22"><span class='ocrx_word' id='word_1_191' title='bbox 480 3875 592 3937; x_wconf 84' lang='lat' dir='ltr'>tertius</span> <span class='ocrx_word' id='word_1_192' title='bbox 616 3873 745 3959; x_wconf 88' lang='lat' dir='ltr'>aequali</span> <span class='ocrx_word' id='word_1_193' title='bbox 768 3873 893 3959; x_wconf 90' lang='lat' dir='ltr'>pollens</span> <span class='ocrx_word' id='word_1_194' title='bbox 917 3874 950 3937; x_wconf 96' lang='lat' dir='ltr'>in</span> <span class='ocrx_word' id='word_1_195' title='bbox 974 3878 1077 3958; x_wconf 87' lang='lat' dir='ltr'>parte,</span> <span class='ocrx_word' id='word_1_196' title='bbox 1102 3874 1258 3937; x_wconf 89' lang='lat' dir='ltr'>nitentem</span> 
     </span>
     <span class='ocr_line' id='line_1_31' title="bbox 476 3981 1378 4066; baseline 0.001 -23"><span class='ocrx_word' id='word_1_197' title='bbox 476 3982 530 4065; x_wconf 92' lang='lat' dir='ltr'>qui</span> <span class='ocrx_word' id='word_1_198' title='bbox 555 3988 643 4046; x_wconf 89' lang='lat' dir='ltr'>tenet</span> <span class='ocrx_word' id='word_1_199' title='bbox 666 3988 824 4060; x_wconf 83' lang='lat' dir='ltr'>exortum,</span> <span class='ocrx_word' id='word_1_200' title='bbox 849 4003 913 4065; x_wconf 89' lang='lat' dir='ltr'>qua</span> <span class='ocrx_word' id='word_1_201' title='bbox 936 3982 1077 4066; x_wconf 91' lang='lat' dir='ltr'>primum</span> <span class='ocrx_word' id='word_1_202' title='bbox 1102 3981 1208 4045; x_wconf 88' lang='lat' dir='ltr'>sidera</span> <span class='ocrx_word' id='word_1_203' title='bbox 1232 3989 1378 4065; x_wconf 85' lang='lat' dir='ltr'>surgunt,</span> 
     </span>
     <span class='ocr_line' id='line_1_32' title="bbox 479 4088 1390 4174; baseline 0.003 -24"><span class='ocrx_word' id='word_1_204' title='bbox 479 4088 564 4152; x_wconf 90' lang='lat' dir='ltr'>unde</span> <span class='ocrx_word' id='word_1_205' title='bbox 588 4090 656 4153; x_wconf 90' lang='lat' dir='ltr'>dics</span> <span class='ocrx_word' id='word_1_206' title='bbox 680 4090 764 4153; x_wconf 90' lang='lat' dir='ltr'>redit</span> <span class='ocrx_word' id='word_1_207' title='bbox 787 4102 819 4151; x_wconf 87' lang='lat' dir='ltr'>et</span> <span class='ocrx_word' id='word_1_208' title='bbox 843 4097 969 4174; x_wconf 90' lang='lat' dir='ltr'>tempus</span> <span class='ocrx_word' id='word_1_209' title='bbox 993 4089 1139 4153; x_wconf 87' lang='lat' dir='ltr'>discribit</span> <span class='ocrx_word' id='word_1_210' title='bbox 1161 4088 1196 4152; x_wconf 93' lang='lat' dir='ltr'>in</span> <span class='ocrx_word' id='word_1_211' title='bbox 1219 4088 1325 4167; x_wconf 85' lang='lat' dir='ltr'>horas,</span> <span class='ocrx_word' id='word_1_212' title='bbox 1354 4125 1390 4132; x_wconf 91' lang='lat'>·—</span> 
     </span>
     <span class='ocr_line' id='line_1_33' title="bbox 480 4191 1429 4281; baseline 0.001 -24"><span class='ocrx_word' id='word_1_213' title='bbox 480 4195 555 4259; x_wconf 91' lang='lat' dir='ltr'>hinc</span> <span class='ocrx_word' id='word_1_214' title='bbox 578 4197 662 4260; x_wconf 89' lang='lat' dir='ltr'>inter</span> <span class='ocrx_word' id='word_1_215' title='bbox 686 4196 803 4261; x_wconf 83' lang='lat' dir='ltr'>Graias</span> <span class='ocrx_word' id='word_1_216' title='bbox 827 4197 1026 4281; x_wconf 85' lang='lat' dir='ltr'>horoscopus</span> <span class='ocrx_word' id='word_1_217' title='bbox 1052 4197 1157 4260; x_wconf 88' lang='lat' dir='ltr'>editur</span> <span class='ocrx_word' id='word_1_218' title='bbox 1180 4195 1276 4259; x_wconf 88' lang='lat' dir='ltr'>urbes</span> <span class='ocrx_word' id='word_1_219' title='bbox 1426 4191 1429 4195; x_wconf 46' lang='lat'><em>⁴</em></span> 
     </span>
    </p>
   </div>
   <div class='ocr_carea' id='block_1_3' title="bbox 256 4372 1636 5047">
    <p class='ocr_par' dir='ltr' id='par_1_3' title="bbox 256 4372 1636 5047">
     <span class='ocr_line' id='line_1_34' title="bbox 392 4372 1636 4471; baseline 0.002 -28"><span class='ocrx_word' id='word_1_220' title='bbox 392 4390 442 4444; x_wconf 83' lang='lat' dir='ltr'>rea</span> <span class='ocrx_word' id='word_1_221' title='bbox 464 4384 584 4456; x_wconf 60' lang='lat' dir='ltr'>naeu}</span> <span class='ocrx_word' id='word_1_222' title='bbox 620 4372 735 4458; x_wconf 61' lang='lat' dir='ltr'>alenae·</span> <span class='ocrx_word' id='word_1_223' title='bbox 755 4391 764 4445; x_wconf 86' lang='lat'>1</span> <span class='ocrx_word' id='word_1_224' title='bbox 788 4390 938 4458; x_wconf 72' lang='lat' dir='ltr'>canendig</span> <span class='ocrx_word' id='word_1_225' title='bbox 965 4390 1078 4444; x_wconf 70' lang='lat' dir='ltr'>ame·</span> <span class='ocrx_word' id='word_1_226' title='bbox 1100 4405 1129 4444; x_wconf 81' lang='lat' dir='ltr'>m</span> <span class='ocrx_word' id='word_1_227' title='bbox 1155 4389 1301 4446; x_wconf 66' lang='lat' dir='ltr'>annaeo</span> <span class='ocrx_word' id='word_1_228' title='bbox 1326 4419 1358 4428; x_wconf 89' lang='lat'><em>-</em></span> <span class='ocrx_word' id='word_1_229' title='bbox 1383 4392 1434 4446; x_wconf 83' lang='lat' dir='ltr'>coe</span> <span class='ocrx_word' id='word_1_230' title='bbox 1454 4389 1588 4471; x_wconf 53' lang='lat' dir='ltr'>persar</span> <span class='ocrx_word' id='word_1_231' title='bbox 1609 4393 1636 4445; x_wconf 69' lang='lat' dir='ltr'>a</span> 
     </span>
     <span class='ocr_line' id='line_1_35' title="bbox 319 4472 1633 4558; baseline 0 -15"><span class='ocrx_word' id='word_1_232' title='bbox 319 4488 432 4543; x_wconf 74' lang='lat' dir='ltr'>teriam</span> <span class='ocrx_word' id='word_1_233' title='bbox 453 4518 484 4524; x_wconf 94' lang='lat'><em>-</em></span> <span class='ocrx_word' id='word_1_234' title='bbox 504 4488 556 4543; x_wconf 82' lang='grc'>805</span> <span class='ocrx_word' id='word_1_235' title='bbox 575 4472 744 4557; x_wconf 65' lang='lat' dir='ltr'>nec&#39;ontqtael</span> <span class='ocrx_word' id='word_1_236' title='bbox 764 4518 796 4526; x_wconf 93' lang='lat'><em>-</em></span> <span class='ocrx_word' id='word_1_237' title='bbox 815 4488 867 4544; x_wconf 85' lang='lat'>806</span> <span class='ocrx_word' id='word_1_238' title='bbox 886 4503 1016 4543; x_wconf 76' lang='lat' dir='ltr'>uoumm</span> <span class='ocrx_word' id='word_1_239' title='bbox 1039 4517 1068 4524; x_wconf 92' lang='lat'>-</span> <span class='ocrx_word' id='word_1_240' title='bbox 1087 4490 1138 4542; x_wconf 75' lang='lat'>812</span> <span class='ocrx_word' id='word_1_241' title='bbox 1158 4487 1242 4543; x_wconf 83' lang='lat' dir='ltr'>ueml</span> <span class='ocrx_word' id='word_1_242' title='bbox 1260 4489 1581 4558; x_wconf 69' lang='lat' dir='ltr'>capitemceeeeam</span> <span class='ocrx_word' id='word_1_243' title='bbox 1598 4519 1633 4527; x_wconf 92' lang='lat'>-</span> 
     </span>
     <span class='ocr_line' id='line_1_36' title="bbox 321 4579 1631 4656; baseline 0 -15"><span class='ocrx_word' id='word_1_244' title='bbox 321 4590 373 4642; x_wconf 81' lang='grc'>814</span> <span class='ocrx_word' id='word_1_245' title='bbox 401 4587 526 4655; x_wconf 70' lang='lat' dir='ltr'>quicquid</span> <span class='ocrx_word' id='word_1_246' title='bbox 541 4585 611 4656; x_wconf 87' lang='lat' dir='ltr'>lgm</span> <span class='ocrx_word' id='word_1_247' title='bbox 640 4587 703 4642; x_wconf 77' lang='lat' dir='ltr'>deo</span> <span class='ocrx_word' id='word_1_248' title='bbox 731 4587 819 4642; x_wconf 85' lang='lat' dir='ltr'>omio</span> <span class='ocrx_word' id='word_1_249' title='bbox 848 4616 880 4622; x_wconf 93' lang='lat'>—</span> <span class='ocrx_word' id='word_1_250' title='bbox 910 4588 962 4642; x_wconf 84' lang='grc'>815</span> <span class='ocrx_word' id='word_1_251' title='bbox 985 4579 1121 4654; x_wconf 71' lang='grc' dir='ltr'>α’ξὶεοταΗ</span> <span class='ocrx_word' id='word_1_252' title='bbox 1149 4586 1204 4641; x_wconf 79' lang='lat' dir='ltr'>oda</span> <span class='ocrx_word' id='word_1_253' title='bbox 1223 4602 1252 4641; x_wconf 89' lang='lat' dir='ltr'>m</span> <span class='ocrx_word' id='word_1_254' title='bbox 1279 4592 1384 4642; x_wconf 77' lang='lat' dir='ltr'>emerat</span> <span class='ocrx_word' id='word_1_255' title='bbox 1398 4602 1439 4656; x_wconf 81' lang='lat' dir='ltr'>gc</span> <span class='ocrx_word' id='word_1_256' title='bbox 1466 4594 1570 4656; x_wconf 73' lang='lat' dir='ltr'>repeto</span> <span class='ocrx_word' id='word_1_257' title='bbox 1599 4617 1631 4624; x_wconf 85' lang='lat'>—</span> 
     </span>
     <span class='ocr_line' id='line_1_37' title="bbox 321 4684 1633 4755; baseline 0.002 -16"><span class='ocrx_word' id='word_1_258' title='bbox 321 4687 372 4739; x_wconf 91' lang='grc'>816</span> <span class='ocrx_word' id='word_1_259' title='bbox 396 4684 526 4753; x_wconf 85' lang='lat' dir='ltr'>cmilgc</span> <span class='ocrx_word' id='word_1_260' title='bbox 548 4686 620 4739; x_wconf 77' lang='lat' dir='ltr'>muni</span> <span class='ocrx_word' id='word_1_261' title='bbox 638 4700 666 4739; x_wconf 89' lang='lat' dir='ltr'>ra</span> <span class='ocrx_word' id='word_1_262' title='bbox 688 4703 739 4755; x_wconf 81' lang='lat' dir='ltr'>pra</span> <span class='ocrx_word' id='word_1_263' title='bbox 757 4685 791 4752; x_wconf 86' lang='lat' dir='ltr'>lg</span> <span class='ocrx_word' id='word_1_264' title='bbox 811 4684 902 4753; x_wconf 77' lang='lat' dir='ltr'>pratia</span> <span class='ocrx_word' id='word_1_265' title='bbox 921 4700 949 4738; x_wconf 90' lang='lat' dir='ltr'>m</span> <span class='ocrx_word' id='word_1_266' title='bbox 970 4688 1049 4754; x_wconf 72' lang='lat' dir='ltr'>qtcc</span> <span class='ocrx_word' id='word_1_267' title='bbox 1073 4710 1106 4719; x_wconf 93' lang='lat'><em>-</em></span> <span class='ocrx_word' id='word_1_268' title='bbox 1131 4686 1184 4738; x_wconf 87' lang='lat'>818</span> <span class='ocrx_word' id='word_1_269' title='bbox 1205 4687 1329 4754; x_wconf 75' lang='lat' dir='ltr'>penteso</span> <span class='ocrx_word' id='word_1_270' title='bbox 1353 4714 1385 4722; x_wconf 90' lang='lat'><em>-</em></span> <span class='ocrx_word' id='word_1_271' title='bbox 1411 4688 1460 4741; x_wconf 74' lang='grc'>821</span> <span class='ocrx_word' id='word_1_272' title='bbox 1487 4685 1633 4741; x_wconf 69' lang='lat' dir='ltr'>alieniso</span> 
     </span>
     <span class='ocr_line' id='line_1_38' title="bbox 321 4770 1631 4852; baseline 0.001 -16"><span class='ocrx_word' id='word_1_273' title='bbox 321 4784 477 4836; x_wconf 69' lang='lat' dir='ltr'>mommo</span> <span class='ocrx_word' id='word_1_274' title='bbox 506 4811 538 4819; x_wconf 94' lang='lat'>-</span> <span class='ocrx_word' id='word_1_275' title='bbox 568 4785 619 4836; x_wconf 79' lang='lat' dir='ltr'>aaa</span> <span class='ocrx_word' id='word_1_276' title='bbox 646 4784 782 4852; x_wconf 58' lang='lat' dir='ltr'>aeneo</span> <span class='ocrx_word' id='word_1_277' title='bbox 811 4811 843 4819; x_wconf 92' lang='lat'><em>-</em></span> <span class='ocrx_word' id='word_1_278' title='bbox 872 4786 924 4837; x_wconf 71' lang='lat' dir='ltr'>aar</span> <span class='ocrx_word' id='word_1_279' title='bbox 952 4770 1051 4849; x_wconf 60' lang='lat' dir='ltr'>rator</span> <span class='ocrx_word' id='word_1_280' title='bbox 1079 4796 1187 4850; x_wconf 74' lang='lat' dir='ltr'>rarag</span> <span class='ocrx_word' id='word_1_281' title='bbox 1218 4789 1280 4836; x_wconf 74' lang='lat' dir='ltr'>raa</span> <span class='ocrx_word' id='word_1_282' title='bbox 1297 4797 1347 4837; x_wconf 81' lang='lat' dir='ltr'>mc</span> <span class='ocrx_word' id='word_1_283' title='bbox 1373 4786 1570 4838; x_wconf 68' lang='lat' dir='ltr'>menneo</span> <span class='ocrx_word' id='word_1_284' title='bbox 1599 4813 1631 4821; x_wconf 82' lang='lat'>-</span> 
     </span>
     <span class='ocr_line' id='line_1_39' title="bbox 322 4879 1632 4950; baseline 0.002 -16"><span class='ocrx_word' id='word_1_285' title='bbox 322 4879 556 4949; x_wconf 77' lang='lat' dir='ltr'>825poseieo-</span> <span class='ocrx_word' id='word_1_286' title='bbox 578 4883 727 4949; x_wconf 61' lang='lat' dir='ltr'>tutaeque</span> <span class='ocrx_word' id='word_1_287' title='bbox 746 4879 1632 4950; x_wconf 72' lang='lat' dir='ltr'>illiotoltenco-Stssunaodeditodeoaibetocroag-</span> 
     </span>
     <span class='ocr_line' id='line_1_40' title="bbox 256 4978 590 5047; baseline -0.006 -14"><span class='ocrx_word' id='word_1_288' title='bbox 256 5003 258 5006; x_wconf 95' lang='lat'>·</span> <span class='ocrx_word' id='word_1_289' title='bbox 322 4979 374 5033; x_wconf 72' lang='lat'>8⁸29</span> <span class='ocrx_word' id='word_1_290' title='bbox 393 4978 548 5047; x_wconf 68' lang='lat' dir='ltr'>horoscopum</span> <span class='ocrx_word' id='word_1_291' title='bbox 566 4992 590 5032; x_wconf 91' lang='lat' dir='ltr'>o.</span> 
     </span>
    </p>
   </div>
   <div class='ocr_carea' id='block_1_4' title="bbox 0 0 2087 5834">
    <p class='ocr_par' dir='ltr' id='par_1_4' title="bbox 0 0 2087 5834">
     <span class='ocr_line' id='line_1_41' title="bbox 0 0 2087 5834; baseline 0 0"><span class='ocrx_word' id='word_1_292' title='bbox 0 0 2087 5834; x_wconf 95' lang='lat' dir='ltr'> </span> 
     </span>
    </p>
   </div>
  </div>
 </body>
</html>
