4134 5834
925 629 1011 687 Liber
1029 629 1081 686 111.
1118 632 1250 687 81-112.

592 857 629 915 ut
651 854 781 935 caperet
804 850 953 935 genitura
976 869 1095 914 nouam
1119 869 1178 933 per
1200 848 1306 912 sidera
1329 847 1468 913 formam

549 979 551 982 ⁴
592 979 652 1023 nee
677 963 783 1021 tamen
807 958 930 1021 incerto
954 956 1168 1022 confunderet
1190 957 1299 1021 omnia
1323 961 1421 1019 motu.

593 1065 650 1129 sed
673 1085 745 1129 eum
769 1086 845 1149 pars
869 1084 1014 1149 operum,
1039 1085 1122 1147 quae
1145 1064 1250 1147 prima
1274 1063 1403 1128 condite
1426 1071 1511 1127 sorte
1535 1072 1594 1147 est,

593 1173 717 1258 aecepit
740 1172 903 1257 propriam
927 1172 1089 1236 nascentis
1112 1178 1257 1256 tempore
1280 1170 1401 1251 sedern,

552 1303 578 1346 so
593 1285 700 1345 cetera
723 1280 900 1344 succedunt
921 1280 1086 1365 signisque
1110 1279 1317 1363 sequentibus
1340 1279 1483 1344 haerent.

592 1389 670 1453 ordo
693 1388 808 1453 ducem
833 1389 988 1473 sequitur,
1012 1387 1114 1452 donee
1138 1387 1230 1451 uenit
1254 1387 1341 1451 orbis
1363 1387 1396 1450 iu
1420 1387 1542 1452 orbem.

592 1496 650 1559 has
672 1502 780 1560 autem
803 1495 902 1561 feoies
925 1516 1033 1560 rerum
1057 1516 1116 1580 per
1138 1495 1232 1579 signa
1254 1495 1387 1574 locatas,

591 1605 625 1668 in
648 1605 765 1689 quibus
788 1604 893 1668 omnis
916 1603 977 1667 erit
999 1603 1149 1668 fortunae
1173 1602 1302 1667 condita
1324 1623 1461 1683 summa,

591 1717 766 1798 utcumque
789 1717 846 1775 aut
869 1711 981 1776 stellae
1005 1717 1128 1796 septem
1151 1710 1326 1775 laeduntue
1349 1711 1514 1792 iuuantue,

550 1842 578 1884 ao
592 1819 819 1884 cardinibusue
842 1825 952 1883 mouet
975 1818 1087 1882 diuina
1109 1817 1255 1902 potentia
1277 1818 1399 1900 mundi,

591 1927 637 1990 sio
660 1926 737 1990 felix
761 1931 817 1990 aut
840 1926 929 1990 triste
953 1926 1043 1990 uenit
1065 1947 1124 2011 per
1147 1925 1276 2010 singula
1298 1924 1410 1990 fatum.

591 2030 669 2096 talis
693 2035 724 2095 et
746 2029 841 2096 illias
863 2051 935 2097 sors
958 2035 1006 2096 est
1028 2030 1199 2113 speranda
1220 2029 1338 2114 nepoti.

591 2140 671 2205 haee
695 2141 773 2206 mihi
796 2141 945 2206 sollemni
968 2147 1043 2206 sunt
1067 2142 1179 2206 ordine
1202 2147 1319 2205 cuneta
1343 2141 1489 2206 cauenda

591 2255 623 2313 et
645 2249 746 2314 titulis
769 2248 928 2334 signanda
951 2249 1017 2314 suis
1040 2270 1214 2335 remmque
1236 2249 1360 2334 figuris,

549 2379 577 2422 eo
590 2362 626 2421 ut
649 2362 758 2441 pateat
780 2357 925 2441 positura
948 2377 1082 2441 operum
1107 2377 1289 2441 nomenque
1313 2376 1489 2441 genusque.

642 2463 792 2529 fortunae
815 2485 885 2529 sors
908 2465 1013 2550 prima
1036 2464 1112 2528 data
1135 2470 1192 2528 est.
1240 2464 1301 2528 hoe
1322 2464 1379 2528 illa
1400 2485 1460 2550 per
1482 2472 1583 2530 artem
1696 2549 1698 2552 Ι

590 2577 740 2636 censetur
762 2571 866 2652 titulo,
889 2571 965 2655 quia
988 2572 1136 2657 proxima
1159 2571 1302 2636 eontinet
1325 2572 1358 2635 in
1382 2593 1417 2636 se

590 2678 801 2743 fundamenta
824 2678 939 2743 domus
962 2679 1157 2766 dominoque
1180 2679 1349 2743 haerentia
1371 2686 1477 2761 cautu,

589 2787 643 2871 qui
668 2787 783 2851 modus
807 2787 840 2851 in
863 2788 977 2870 seruis,
1001 2788 1056 2873 qui
1080 2789 1122 2852 sit
1145 2808 1315 2852 concessus
1338 2788 1371 2850 in
1396 2789 1493 2870 aruis,

538 2916 577 2958 roo
591 2915 752 2979 quamque
776 2895 888 2959 datum
911 2916 1047 2980 magnas
1070 2917 1203 2981 operum
1228 2916 1421 2980 componere
1444 2897 1556 2977 moles,

590 3009 626 3065 ut
648 3023 733 3086 uaga
756 3002 908 3088 fulgentis
933 3004 1130 3069 concordant
1153 3003 1260 3067 sidera
1283 3003 1375 3068 oaeli.

589 3110 758 3194 posthinc
782 3111 916 3175 militiae
940 3112 1028 3175 loeus
1053 3118 1198 3196 estque
1222 3111 1373 3195 quiequid
1398 3113 1430 3174 in
1456 3113 1553 3177 aruris

590 3218 740 3302 quodque
764 3219 952 3303 peregrinas
975 3221 1060 3283 inter
1083 3218 1287 3282 uersantibus
1312 3216 1407 3281 urbes

550 3321 553 3325 ’
589 3326 736 3389 accidere
759 3324 912 3404 assumit,
936 3325 1028 3389 titulo
1052 3325 1294 3410 comprenditur
1316 3346 1389 3388 uuo.

537 3454 576 3495 105
590 3432 684 3495 tertia
708 3431 748 3495 ad
772 3431 912 3495 urbanos
935 3433 1030 3496 statio
1055 3440 1104 3496 est
1126 3431 1328 3496 numeranda
1350 3431 1486 3496 labores.

590 3538 650 3602 hoe
674 3557 802 3623 quoque
825 3538 959 3602 militiae
983 3559 1085 3623 genus
1110 3545 1159 3603 est
1182 3538 1330 3603 ciuilibus
1353 3540 1432 3603 uotis

588 3645 800 3731 compositum
823 3645 964 3731 fideique
987 3652 1077 3710 tenet
1099 3647 1246 3733 parentia
1268 3646 1387 3728 uincla,

589 3754 707 3819 format
730 3754 888 3818 amicitias
911 3760 944 3818 et
966 3775 1064 3839 saepe
1087 3754 1234 3819 cadentia
1258 3755 1379 3819 frustra

588 3861 706 3941 officia,
730 3869 762 3926 et
785 3862 889 3927 cultus
912 3863 1101 3948 contingant
1124 3863 1271 3947 praemia
1293 3868 1424 3946 quanta,

537 3991 575 4034 110
589 3968 716 4049 edocet3
741 3970 896 4054 appositis
918 3992 990 4034 oum
1015 3970 1154 4035 mundus
1177 3979 1333 4034 consonat
1357 3970 1460 4033 astris.

589 4076 781 4141 iudiciorum
804 4098 885 4162 opus
908 4079 939 4142 in
965 4083 1079 4164 quarto
1104 4085 1220 4142 natura
1243 4077 1364 4141 locauit

587 4183 816 4269 fortunamque
839 4184 916 4264 fori3
939 4185 1129 4250 fundentem
1155 4186 1254 4249 uerba
1277 4191 1448 4270 patronum

536 4364 570 4417 82
589 4325 711 4417 {filil
729 4359 851 4415 modum
867 4388 898 4398 —-
913 4362 947 4416 83
962 4361 1158 4430 porteeetlgc
1174 4366 1325 4416 arteeatm
1341 4391 1372 4399 —
1387 4362 1736 4419 aetnaeos-attare

428 4467 476 4515 out
490 4475 518 4515 m
536 4461 662 4522 Ζοοαΐαεο
686 4488 718 4497 -
743 4459 778 4514 88
793 4453 953 4527 sortanaeg
974 4460 1089 4526 forium
1108 4463 1168 4513 atu
1194 4489 1225 4496 ·-
1250 4462 1283 4514 89
1303 4464 1335 4513 ut
1356 4478 1416 4515 aaut
1436 4461 1526 4515 stelae
1544 4460 1592 4516 Vll
1608 4461 1639 4516 lc
1657 4465 1691 4516 ut
1705 4462 1738 4529 fit

428 4564 700 4626 masguteunquem
716 4586 747 4594 -
760 4556 1157 4626 aomoaentlgemaoetm-
1171 4557 1314 4612 921111ωο
1327 4576 1389 4625 nepo
1401 4574 1427 4612 m
1440 4588 1470 4595 -
1484 4561 1517 4614 ot
1530 4560 1649 4613 maenaa
1661 4576 1687 4615 m
1704 4590 1736 4598 -

430 4655 658 4725 98domtaoqaeo
675 4658 782 4710 eaatao
802 4682 833 4693 -
853 4658 886 4709 99
904 4653 1010 4724 qiaeitl
1027 4655 1087 4724 pais
1098 4655 1183 4723 sitgo
1200 4655 1330 4723 quiritur
1347 4674 1510 4712 corruisses
1528 4687 1560 4694 -
1581 4660 1630 4711 100
1646 4676 1737 4725 poam-

428 4734 553 4823 quio-
572 4756 618 4808 101
637 4753 1235 4823 falpmteg-103pauequegloqaopae
1249 4768 1275 4807 m
1290 4754 1737 4823 -104aeeipereoadaieaitlo

429 4852 658 4922 eomprehenditar
675 4866 703 4906 m
728 4881 760 4888 -
789 4853 838 4906 loo
861 4855 901 4906 est
918 4865 973 4906 om.
992 4867 1020 4906 m
1047 4881 1077 4889 -
1106 4854 1154 4908 106
1176 4851 1304 4919 Hocque
1323 4866 1350 4906 m
1371 4881 1404 4889 -
1427 4855 1476 4907 110
1496 4852 1625 4920 repostis
1641 4853 1672 4909 lc
1690 4854 1737 4909 od·

395 4986 400 4994 .
424 4952 533 5021 ponatis
545 4965 572 5004 m
590 4949 720 5020 appositis
731 4964 750 5018 g
770 4978 802 4987 --
823 4949 872 5003 112
889 4949 1079 5018 fortunamque
1090 4964 1109 5018 g
1124 4950 1288 5019 formasque
1300 4966 1321 5000 u
1342 4950 1479 5019 samaritem
1495 4954 1529 5005 m'
1541 4951 1696 5018 stridentem
1711 4967 1734 5007 c.
