4134 5834
839 648 926 706 Liber
943 647 964 705 1.
1002 648 1154 705 cte-tat.

502 869 604 933 altera
627 856 662 916 ¹¹*
686 867 817 932 alterius
841 866 928 931 uires
951 866 1115 951 faciamus
1138 865 1295 950 feratque,

501 996 692 1061 summaque
715 996 774 1060 per
797 975 904 1039 uarias
927 982 1061 1039 maneat
1082 978 1221 1058 cognata
1243 972 1374 1057 figuras.

447 1108 488 1150 ase
554 1103 640 1147 nnnc
664 1082 722 1148 tibi
745 1083 914 1167 signorum
936 1081 1074 1146 lucentis
1097 1080 1241 1165 undique
1263 1079 1412 1144 flammas

502 1190 670 1256 ordinibus
693 1190 789 1254 certis
812 1189 964 1270 referam,
988 1188 1194 1274 primumque
1218 1193 1376 1252 canentur

502 1318 585 1382 quae
607 1297 715 1361 media
740 1297 871 1381 obliquo
894 1297 1111 1382 praecingunt
1134 1294 1246 1359 ordine
1270 1293 1427 1358 mundum

502 1405 668 1489 solemque
690 1404 825 1469 alternis
848 1404 974 1468 uicibus
998 1425 1057 1489 per
1079 1410 1228 1487 tempora
1251 1406 1381 1487 portant

502 1517 599 1597 atque
624 1511 688 1575 alia
710 1510 849 1575 aduerso
871 1510 1030 1575 luctantia
1053 1509 1160 1575 sidera
1184 1508 1319 1587 mund03

447 1641 489 1682 reo
502 1620 622 1699 omnin,
647 1639 730 1703 quae
752 1619 858 1703 possis
881 1618 971 1683 caelo
995 1638 1168 1683 numerare
1192 1636 1322 1696 sereno;

502 1748 520 1790 e
544 1726 661 1812 quibus
685 1727 822 1790 stratio
846 1726 986 1791 fetorum
1012 1725 1141 1790 ducitur
1164 1725 1278 1803 omnis,

503 1840 539 1898 ut
562 1834 603 1897 sit
626 1833 712 1897 idem
737 1833 850 1898 mundi
874 1833 1014 1919 primum
1039 1833 1124 1918 quod
1149 1832 1292 1897 continet
1316 1852 1432 1896 arcem.

501 1948 615 2005 aurato
640 1941 790 2027 princeps
814 1941 899 2006 aries
921 1941 954 2005 in
978 1940 1101 2005 uellere
1124 1939 1253 2024 fulgens

502 2049 633 2133 respicit
656 2048 821 2113 admirans
845 2068 997 2113 auersum
1021 2069 1155 2133 surgere
1179 2053 1308 2110 taurum

333 2240 335 2244 y
449 2178 488 2220 see
502 2156 674 2220 summisso
698 2156 791 2220 uultu
814 2155 961 2241 geminos
985 2160 1018 2218 et
1040 2154 1147 2219 fronte
1170 2159 1351 2219 uocantem.

502 2284 584 2348 quos
607 2263 753 2348 sequitur
776 2284 903 2344 cancer,
928 2283 1080 2326 cancrum
1103 2262 1165 2339 leo,
1191 2262 1283 2346 uirgo
1306 2261 1444 2325 leonem.

501 2376 639 2455 aequato
664 2375 731 2434 tum
756 2370 840 2435 libra
861 2369 915 2434 die
939 2390 1012 2433 cum
1037 2376 1182 2454 tempore
1207 2369 1309 2433 noctis

503 2478 637 2542 attrahit
660 2478 786 2543 ardenti
810 2477 989 2562 fulgentem
1014 2477 1165 2562 scorpion
1188 2482 1285 2541 astro,

503 2586 535 2650 in
560 2586 652 2650 cuius
676 2586 813 2651 caudam
838 2592 988 2651 contento
1013 2586 1125 2670 dirigit
1147 2606 1225 2649 arcu

449 2715 489 2757 ero
503 2693 621 2757 mixtus
646 2715 729 2778 equo
753 2695 919 2759 uolucrem
944 2695 1101 2759 missurus
1125 2693 1254 2779 iamque
1278 2693 1439 2777 sagittam.

503 2806 572 2865 tum
595 2803 686 2866 uenit
710 2808 847 2885 angusto
871 2802 1079 2887 capricornus
1102 2800 1208 2865 sidere
1232 2800 1349 2879 flexus3

502 2907 684 2994 posthunc
708 2909 827 2972 inflexa
850 2908 999 2972 defundit
1022 2908 1175 2993 aquarius
1200 2929 1283 2972 urna

501 3016 644 3101 piscibus
669 3021 814 3080 assuetus
837 3016 934 3081 auide
957 3014 1171 3080 subeuntibus
1195 3016 1310 3095 undas,

503 3144 583 3208 quos
607 3124 691 3188 aries
714 3124 818 3208 tangit
841 3123 1021 3188 claudentis
1044 3122 1159 3187 ultima
1183 3122 1285 3207 signa.

449 3273 489 3315 cre
557 3254 590 3313 at
614 3270 679 3335 qna
701 3249 856 3334 fulgentis
880 3249 1007 3314 caelum
1031 3249 1199 3334 consurgit
1220 3248 1261 3312 ad
1286 3252 1403 3329 arctos,

503 3357 612 3421 omnia
636 3378 719 3443 quae
743 3378 869 3422 summo
893 3357 1083 3441 despectant
1106 3356 1213 3422 sidera
1235 3356 1357 3421 mundo

503 3486 562 3529 nec
586 3471 706 3529 norunt
727 3465 833 3530 obitus
858 3486 988 3550 unoque
1010 3465 1045 3528 in
1070 3465 1192 3529 uertice
1215 3464 1361 3529 tendunt.

503 3572 536 3636 in
560 3572 690 3637 diuersa
713 3572 777 3637 situ
801 3573 991 3658 caelumque
1015 3578 1048 3636 et
1071 3572 1178 3636 sidera
1201 3578 1356 3657 torquens

503 3700 580 3743 aera
603 3700 660 3764 per
684 3679 826 3763 gelidum
852 3678 957 3744 tenuis
982 3679 1153 3743 deducitur
1175 3679 1245 3743 axis

449 3810 490 3850 reo
503 3784 722 3871 libratumqne
745 3787 829 3871 regit
852 3787 982 3851 diuerso
1006 3786 1139 3851 cardine
1163 3786 1332 3867 mundum,

503 3894 648 3959 sidereus
672 3895 758 3957 circa
780 3894 924 3958 medium
949 3915 1046 3979 quem
1070 3894 1213 3958 uoluitur
1236 3894 1324 3958 orbis

504 4001 730 4087 aetheriosque
753 4007 840 4066 rotat
862 4022 990 4081 cursus3
1014 4002 1156 4066 inmotus
1180 4007 1213 4065 at
1235 4002 1290 4065 ille

504 4109 536 4172 iu
561 4108 654 4174 binas
677 4115 783 4173 arctos
807 4108 917 4194 magni
941 4130 1000 4193 per
1022 4108 1133 4173 inania
1156 4108 1270 4173 mundi

450 4386 503 4439 253
520 4385 592 4440 atter
603 4390 665 4440 uto
682 4414 718 4421 -
735 4386 788 4439 255
808 4385 951 4439 lucentieo
970 4411 1002 4421 -
1017 4385 1086 4438 ante
1105 4399 1146 4437 vs.
1161 4383 1213 4437 263
1226 4386 1272 4440 Dc
1284 4385 1352 4439 XII
1360 4386 1448 4455 signia
1464 4387 1509 4441 De
1521 4388 1617 4442 Ariete
1628 4385 1660 4442 lc

342 4486 428 4555 abab
438 4488 463 4539 ct
471 4468 491 4552 ὅ
500 4484 533 4538 de
541 4485 627 4538 ardete
634 4498 664 4538 m
671 4517 706 4524 —
715 4484 767 4537 264
777 4497 941 4538 caereumm
951 4483 1128 4537 aduersumo
1137 4509 1169 4519 -
1177 4484 1229 4536 265
1239 4486 1379 4537 uocantem
1390 4483 1420 4549 (n
1429 4498 1463 4538 ex
1471 4502 1492 4538 a
1499 4498 1572 4539 corr.
1582 4483 1622 4552 L.)
1630 4500 1660 4540 m

342 4585 483 4637 meantem
500 4580 536 4649 lg
560 4586 698 4636 notantem
719 4596 774 4649 cu3
804 4609 836 4617 -
865 4582 917 4633 272
943 4580 1048 4648 iustae
1069 4599 1143 4634 armo
1161 4594 1190 4634 m
1215 4580 1319 4648 infime
1339 4586 1412 4638 artari
1431 4598 1452 4634 ω
1479 4584 1609 4652 defundit
1631 4598 1658 4638 m

344 4681 478 4750 diffamdit
490 4697 512 4730 ω
527 4708 559 4716 -
578 4679 630 4733 273
643 4680 771 4734 aduectas
783 4678 829 4734 lm
842 4681 893 4733 274
907 4680 1093 4746 euadente-g
1105 4679 1239 4734 eludentis
1254 4695 1274 4729 ω
1288 4679 1319 4733 in
1334 4679 1466 4749 margine
1479 4682 1524 4736 De
1536 4698 1589 4735 ace
1600 4679 1611 4734 1
1624 4715 1659 4721 -

343 4779 396 4834 775
419 4779 498 4846 atqui
513 4775 571 4846 lgc
594 4782 676 4846 atque
691 4792 721 4832 m
744 4778 878 4847 scalpentis
895 4792 911 4832 ο
939 4778 1027 4832 celum
1045 4791 1073 4830 m
1092 4775 1136 4842 (L)
1161 4778 1267 4831 caelos
1294 4780 1465 4848 emmorpito
1488 4807 1522 4816 -
1540 4780 1591 4833 276
1616 4781 1659 4834 dc-

345 4880 495 4947 eportanto
513 4876 617 4930 mando
629 4875 699 4944 lgm
718 4876 790 4930 caelo
804 4890 819 4930 c
835 4910 865 4916 -
882 4877 932 4929 277
947 4878 1054 4944 imoque
1067 4888 1094 4928 m
1109 4873 1157 4940 (E)
1177 4879 1315 4930 tuntumo
1335 4905 1367 4911 —
1382 4877 1434 4930 778
1453 4880 1607 4945 torquente
1626 4905 1659 4915 -

345 4974 398 5028 tuo
417 4973 601 5042 liberatemql
623 5002 654 5010 -
675 4972 727 5029 282
746 4974 930 5042 aetheriosque
943 4988 973 5028 m
992 4972 1179 5040 actttcreoeqae
1190 4969 1226 5041 lg
1244 4977 1274 5027 at
1292 4986 1327 5027 ex
1347 4977 1395 5043 ayt
1414 4985 1486 5027 corr.
1499 4988 1537 5028 m.
