4134 5834
898 620 985 677 Liber
1002 619 1054 679 ΙΙΙ.
1090 622 1240 677 434-465.

576 860 615 904 ex
638 838 695 902 ille
717 837 851 902 totidem
873 858 933 924 per
953 842 1063 923 partes
1087 837 1133 902 sic
1156 837 1346 902 breuiantur

522 968 563 1011 445
576 946 713 1030 lanigeri
737 945 892 1028 adfines,
917 966 1141 1030 conuersaque
1165 946 1274 1011 omniu
1296 946 1368 1030 lege

576 1054 739 1139 accipiunt
761 1054 965 1140 perdantque
989 1054 1076 1139 peris
1100 1054 1248 1118 cedentia
1271 1060 1382 1118 sortes.

576 1162 656 1225 hoec
680 1162 733 1225 uie
757 1162 949 1226 monstrabit
972 1162 1151 1226 studiorum
1173 1182 1296 1247 ponere
1320 1182 1469 1252 summus

576 1275 608 1333 et
631 1288 802 1332 numerere
826 1289 901 1333 suos
925 1274 1014 1332 ortus
1037 1289 1097 1353 per
1120 1268 1227 1332 sidere
1251 1274 1376 1333 cuncta.

577 1375 663 1461 quod
687 1374 769 1439 bene
793 1397 867 1440 cum
889 1375 1027 1461 propriis
1053 1375 1148 1441 simul
1172 1377 1391 1460 aceeptaueris
1415 1376 1512 1457 horis,

522 1507 563 1549 444
577 1484 610 1548 in
635 1482 724 1546 nulle
746 1481 838 1547 fellet
860 1483 992 1568 regione
1016 1482 1213 1568 horoscopus
1237 1503 1402 1567 umquem,

576 1611 649 1654 cum
673 1595 825 1675 poterunt
847 1589 943 1655 certis
966 1590 1131 1655 numerari
1155 1591 1285 1674 singule
1309 1569 1428 1674 signa¹

578 1697 776 1783 temporibus
800 1704 891 1783 parte
914 1718 954 1762 ex
976 1697 1043 1777 illa,
1068 1718 1164 1781 quem
1190 1696 1342 1762 Phoebus
1366 1698 1507 1762 habebit.

628 1827 714 1870 nunc
737 1805 854 1890 quibus
877 1805 1004 1869 hiberni
1028 1806 1200 1869 momentis
1223 1826 1356 1889 surgere
1379 1827 1507 1870 menses

578 1914 744 1998 incipiunt,
767 1932 873 1997 neque
896 1912 981 1976 enim
1005 1912 1137 1997 paribus
1160 1934 1219 1996 per
1241 1912 1348 1976 sidera
1371 1919 1486 1977 cuncta

523 2045 564 2087 444
578 2020 757 2107 procedunt
779 2018 944 2104 gradibus,
969 2018 1056 2083 niuei
1080 2019 1157 2083 dum
1181 2019 1304 2083 uellera
1327 2020 1411 2104 signi

579 2129 770 2212 contingunt
793 2147 931 2211 aequum
955 2126 1046 2190 luces
1069 2128 1218 2210 cogentis
1241 2135 1273 2190 et
1297 2127 1427 2191 umbras

524 2289 532 2303 .
579 2236 663 2300 ferre
686 2236 809 2319 iugum,
833 2255 952 2318 magno
976 2240 1024 2298 est
1047 2233 1130 2298 ratio
1154 2235 1360 2319 breuiterque
1383 2236 1537 2300 docendo.

579 2343 737 2429 principio
760 2341 917 2426 cupiendo
941 2341 998 2404 tibi
1022 2347 1072 2404 est
1094 2362 1247 2406 mensura
1270 2342 1344 2423 diei,

579 2471 677 2537 quarn
702 2450 868 2513 minimum
892 2448 1101 2540 capricornus
1124 2450 1192 2533 agit
1216 2450 1382 2534 noctisque
1405 2470 1464 2534 per
1486 2450 1582 2514 horus

525 2583 566 2625 444
580 2578 677 2643 quum
701 2577 877 2635 summurn3
901 2576 1030 2640 quoque
1053 2556 1094 2619 ud
1118 2558 1218 2620 iustas
1241 2557 1446 2642 superauerit
1470 2556 1602 2621 umbros

579 2672 611 2728 et
633 2663 773 2749 trepidet
793 2663 894 2743 luces,
917 2663 988 2727 eius
1011 2684 1085 2748 pars
1109 2665 1203 2727 tertia
1227 2663 1319 2748 siguo

579 2770 736 2836 tradenda
758 2777 807 2834 cst
829 2769 935 2850 medio
960 2791 1100 2856 semper;
1125 2791 1190 2855 que
1213 2777 1298 2835 sorte
1322 2777 1446 2835 retenta

579 2877 712 2942 dimidio
735 2877 845 2940 uincet
867 2877 1018 2961 primum,
1043 2879 1193 2942 uincutur
1216 2884 1248 2941 et
1271 2878 1376 2963 ipsum

580 2991 732 3050 extremo.
780 2988 882 3048 totum
906 2984 938 3048 in
962 2989 1071 3069 portes
1095 2986 1140 3049 ite
1163 2985 1274 3070 digere
1297 2991 1435 3070 tempus.

525 3116 565 3159 444
579 3093 629 3157 his
653 3092 767 3177 opibus
791 3092 850 3156 triu
875 3092 968 3176 signa
991 3092 1117 3172 ualent3
1141 3094 1197 3156 sed
1220 3114 1346 3157 summa
1370 3093 1485 3177 prioris

580 3201 712 3266 accedet
735 3200 871 3273 numeri,
896 3201 1067 3265 coniuncte
1090 3202 1298 3285 sequentibus
1323 3201 1416 3265 astris

580 3308 726 3387 cesserit3
750 3314 794 3384 ut,
819 3308 920 3371 ternis
943 3307 1041 3371 fuerit
1064 3309 1091 3371 si
1114 3307 1240 3391 longior
1263 3308 1350 3372 horis

579 3415 736 3480 brumalis
759 3435 823 3479 nox
846 3413 927 3478 forte
951 3414 1013 3495 die,
1039 3416 1245 3499 capricornus
1269 3423 1301 3479 et
1324 3416 1404 3480 hora

580 3520 714 3586 dimidie
737 3521 862 3585 attollat
883 3521 982 3604 luces,
1006 3528 1038 3585 et
1061 3524 1214 3607 aquarius
1237 3524 1350 3589 horam

526 3630 650 3715 reoipse
674 3649 765 3692 suam
789 3629 917 3713 proprie
940 3628 1038 3693 ducet
1060 3651 1271 3716 summaeque
1294 3632 1393 3716 priori

580 3737 749 3821 adiungat3
772 3737 876 3821 pisces
899 3743 1025 3801 tuntum
1048 3739 1109 3802 sibi
1134 3740 1287 3823 temporis
1310 3741 1373 3826 ipsi

519 3919 521 3921 ,
581 3845 787 3927 constituant,
810 3851 967 3929 qnantum
991 3846 1152 3931 accipiant
1174 3847 1214 3911 de
1238 3854 1323 3912 sorte
1346 3850 1500 3933 priorum,
1610 3910 1617 3923 ,

581 3956 614 4015 et
635 3951 737 4016 tribus
761 3952 896 4037 expletis
919 3953 1007 4017 horis
1030 3959 1222 4040 noctemque
1246 3956 1397 4040 diemque

581 4059 724 4143 lanigero
748 4059 878 4125 trudant
900 4061 1103 4146 aequandam
1127 4068 1272 4148 tempore
1296 4064 1392 4127 ueris.

526 4164 693 4251 resincipit
716 4188 735 4232 a
758 4173 849 4232 sexte
871 4174 997 4255 tempus
1022 4170 1196 4254 procedere
1220 4176 1311 4255 perte

526 4353 578 4406 436
602 4367 715 4420 pereso
740 4382 772 4390 -
796 4354 847 4408 437
870 4357 1065 4424 mestrabitg
1087 4357 1251 4411 4444444454
1265 4373 1285 4406 ω
1305 4358 1455 4424 ponderec
1477 4384 1512 4393 -
1536 4358 1603 4411 ente
1624 4357 1676 4411 443
1699 4356 1730 4411 iu

422 4462 514 4517 marg.
536 4447 558 4504 l:
592 4451 624 4504 ce
650 4453 841 4507 4444444444
866 4458 962 4522 repom
985 4460 1011 4509 4
1033 4434 1233 4520 dunenses,
1254 4468 1281 4507 m
1301 4455 1368 4509 ante
1387 4453 1439 4509 443
1461 4452 1678 4521 (4444444444)
1696 4483 1730 4491 -

422 4548 475 4601 443
492 4546 633 4602 hibernici
659 4576 691 4585 -
714 4552 766 4603 444
785 4552 913 4621 incipiam
928 4552 972 4607 lm
999 4582 1031 4589 —
1054 4554 1107 4607 446
1130 4554 1287 4620 4444449446
1301 4567 1328 4606 m
1352 4554 1512 4621 4444449444
1526 4568 1547 4604 ω
1573 4554 1672 4607 lucino
1696 4586 1731 4593 -

422 4645 474 4699 449
486 4645 581 4700 boram
594 4659 611 4699 o
627 4644 737 4716 (444έὶ414
748 4665 800 4717 per
811 4649 904 4705 boram
917 4650 968 4720 gc)
987 4679 1019 4688 ·—
1038 4651 1092 4705 450
1104 4651 1140 4703 od
1153 4651 1224 4705 iusto
1237 4663 1253 4703 ο
1270 4649 1349 4704 borae
1363 4666 1379 4704 c
1397 4651 1509 4706 umbros
1521 4666 1542 4701 ω
1562 4679 1594 4688 -
1613 4653 1661 4705 451
1679 4654 1731 4704 tre

418 4744 517 4811 444444
530 4756 547 4797 4
560 4772 592 4780 -
606 4745 659 4798 454
676 4746 707 4799 in
726 4759 814 4815 ung
832 4732 947 4823 449444
961 4778 994 4787 -
1012 4751 1065 4803 444
1084 4749 1215 4802 mearco
1236 4776 1266 4784 -
1284 4750 1337 4802 roe
1357 4749 1505 4803 4444444
1531 4751 1561 4804 en
1579 4749 1645 4804 nora
1661 4763 1678 4803 0
1697 4777 1730 4785 -

422 4842 475 4895 459
495 4840 665 4897 dimidiuml
684 4871 717 4880 -
736 4847 785 4899 461
808 4845 919 4917 ipsocg
944 4850 1003 4917 ipse
1021 4845 1089 4901 lcm
1110 4878 1143 4886 —
1163 4847 1215 4900 462
1234 4846 1370 4914 accipiant
1392 4847 1424 4901 de
1446 4848 1507 4902 scdc
1520 4848 1626 4916 prioris
1643 4861 1672 4901 m
1697 4875 1731 4885 -

422 4940 476 4993 463
495 4956 509 4993 c
527 4939 654 4994 tribuum
674 4969 706 4978 -
725 4944 777 4998 465
792 4962 846 5014 por
864 4944 983 5015 telpor
1001 4949 1080 5014 tepus
1092 4958 1131 4998 m.
