<?xml version="1.0" encoding="UTF-8"?>
<!DOCTYPE html PUBLIC "-//W3C//DTD XHTML 1.0 Transitional//EN"
    "http://www.w3.org/TR/xhtml1/DTD/xhtml1-transitional.dtd">
<html xmlns="http://www.w3.org/1999/xhtml" xml:lang="en" lang="en">
 <head>
  <title>
</title>
<meta http-equiv="Content-Type" content="text/html;charset=utf-8" />
  <meta name='ocr-system' content='tesseract 3.04.00' />
  <meta name='ocr-capabilities' content='ocr_page ocr_carea ocr_par ocr_line ocrx_word'/>
</head>
<body>
  <div class='ocr_page' id='page_1' title='image "./mmaniliiastrono00breigoog/mmaniliiastrono00breigoog_0136.png"; bbox 0 0 4134 5834; ppageno 0'>
   <div class='ocr_carea' id='block_1_1' title="bbox 905 633 1249 693">
    <p class='ocr_par' dir='ltr' id='par_1_1' title="bbox 905 633 1249 693">
     <span class='ocr_line' id='line_1_1' title="bbox 905 633 1249 693; baseline 0.006 -2"><span class='ocrx_word' id='word_1_1' title='bbox 905 634 991 692; x_wconf 82' lang='lat' dir='ltr'><strong>Liber</strong></span> <span class='ocrx_word' id='word_1_2' title='bbox 1010 633 1057 691; x_wconf 87' lang='lat' dir='ltr'><strong>lV.</strong></span> <span class='ocrx_word' id='word_1_3' title='bbox 1096 637 1147 693; x_wconf 93' lang='grc'><strong>761</strong></span> <span class='ocrx_word' id='word_1_4' title='bbox 1153 636 1249 693; x_wconf 74' lang='grc'>-788,</span> 
     </span>
    </p>
   </div>
   <div class='ocr_carea' id='block_1_2' title="bbox 476 850 1579 3836">
    <p class='ocr_par' dir='ltr' id='par_1_2' title="bbox 580 850 1489 1259">
     <span class='ocr_line' id='line_1_2' title="bbox 581 850 1489 937; baseline 0.002 -22"><span class='ocrx_word' id='word_1_5' title='bbox 581 850 811 936; x_wconf 80' lang='lat' dir='ltr'>Cappadocum</span> <span class='ocrx_word' id='word_1_6' title='bbox 834 850 1075 937; x_wconf 78' lang='lat' dir='ltr'><strong>Armeniaeque</strong></span> <span class='ocrx_word' id='word_1_7' title='bbox 1098 852 1197 937; x_wconf 81' lang='lat' dir='ltr'><strong>iugis3</strong></span> <span class='ocrx_word' id='word_1_8' title='bbox 1221 851 1374 937; x_wconf 81' lang='lat' dir='ltr'><strong>Bithynia</strong></span> <span class='ocrx_word' id='word_1_9' title='bbox 1397 852 1489 917; x_wconf 92' lang='lat' dir='ltr'><strong>diues</strong></span> 
     </span>
     <span class='ocr_line' id='line_1_3' title="bbox 580 958 1478 1044; baseline 0.001 -22"><span class='ocrx_word' id='word_1_10' title='bbox 580 965 613 1022; x_wconf 87' lang='lat' dir='ltr'><strong>te</strong></span> <span class='ocrx_word' id='word_1_11' title='bbox 636 958 713 1023; x_wconf 90' lang='lat' dir='ltr'><strong>colit</strong></span> <span class='ocrx_word' id='word_1_12' title='bbox 735 964 768 1023; x_wconf 91' lang='lat' dir='ltr'><strong>et</strong></span> <span class='ocrx_word' id='word_1_13' title='bbox 789 958 950 1023; x_wconf 77' lang='lat' dir='ltr'><strong>Macetum</strong></span> <span class='ocrx_word' id='word_1_14' title='bbox 974 959 1079 1040; x_wconf 87' lang='lat' dir='ltr'><strong>tellus,</strong></span> <span class='ocrx_word' id='word_1_15' title='bbox 1104 980 1188 1044; x_wconf 88' lang='lat' dir='ltr'><strong>quae</strong></span> <span class='ocrx_word' id='word_1_16' title='bbox 1211 958 1334 1024; x_wconf 90' lang='lat' dir='ltr'><strong>uicerat</strong></span> <span class='ocrx_word' id='word_1_17' title='bbox 1356 960 1478 1030; x_wconf 87' lang='lat' dir='ltr'><strong>orbem.</strong></span> 
     </span>
     <span class='ocr_line' id='line_1_4' title="bbox 581 1066 1348 1152; baseline 0.001 -23"><span class='ocrx_word' id='word_1_18' title='bbox 581 1066 707 1149; x_wconf 85' lang='lat' dir='ltr'><strong>uirgine</strong></span> <span class='ocrx_word' id='word_1_19' title='bbox 730 1066 789 1130; x_wconf 92' lang='lat' dir='ltr'><strong>sub</strong></span> <span class='ocrx_word' id='word_1_20' title='bbox 813 1072 902 1131; x_wconf 90' lang='lat' dir='ltr'><strong>casta</strong></span> <span class='ocrx_word' id='word_1_21' title='bbox 926 1066 1004 1131; x_wconf 82' lang='lat' dir='ltr'><strong>felix</strong></span> <span class='ocrx_word' id='word_1_22' title='bbox 1027 1072 1178 1152; x_wconf 88' lang='lat' dir='ltr'><strong>terraque</strong></span> <span class='ocrx_word' id='word_1_23' title='bbox 1202 1066 1348 1152; x_wconf 88' lang='lat' dir='ltr'><strong>marique</strong></span> 
     </span>
     <span class='ocr_line' id='line_1_5' title="bbox 580 1172 1462 1259; baseline 0.002 -23"><span class='ocrx_word' id='word_1_24' title='bbox 580 1178 628 1236; x_wconf 87' lang='lat' dir='ltr'><strong>est</strong></span> <span class='ocrx_word' id='word_1_25' title='bbox 651 1172 794 1255; x_wconf 90' lang='lat' dir='ltr'><strong>Rhodos,</strong></span> <span class='ocrx_word' id='word_1_26' title='bbox 819 1173 996 1258; x_wconf 79' lang='lat' dir='ltr'>hospitium</span> <span class='ocrx_word' id='word_1_27' title='bbox 1021 1174 1140 1238; x_wconf 89' lang='lat' dir='ltr'><strong>recturi</strong></span> <span class='ocrx_word' id='word_1_28' title='bbox 1163 1173 1317 1259; x_wconf 92' lang='lat' dir='ltr'><strong>principis</strong></span> <span class='ocrx_word' id='word_1_29' title='bbox 1341 1174 1462 1255; x_wconf 87' lang='lat' dir='ltr'><strong>orbem,</strong></span> 
     </span>
    </p>

    <p class='ocr_par' dir='ltr' id='par_1_3' title="bbox 526 1280 1498 1797">
     <span class='ocr_line' id='line_1_6' title="bbox 526 1280 1459 1365; baseline 0.001 -20"><span class='ocrx_word' id='word_1_30' title='bbox 526 1302 567 1345; x_wconf 84' lang='lat' dir='ltr'><strong>ras</strong></span> <span class='ocrx_word' id='word_1_31' title='bbox 580 1285 713 1365; x_wconf 88' lang='lat' dir='ltr'><strong>tumque</strong></span> <span class='ocrx_word' id='word_1_32' title='bbox 736 1280 850 1345; x_wconf 89' lang='lat' dir='ltr'><strong>domus</strong></span> <span class='ocrx_word' id='word_1_33' title='bbox 874 1301 951 1345; x_wconf 89' lang='lat' dir='ltr'><strong>uere</strong></span> <span class='ocrx_word' id='word_1_34' title='bbox 975 1281 1062 1363; x_wconf 88' lang='lat' dir='ltr'><strong>solis,</strong></span> <span class='ocrx_word' id='word_1_35' title='bbox 1086 1282 1138 1345; x_wconf 90' lang='lat' dir='ltr'><strong>cui</strong></span> <span class='ocrx_word' id='word_1_36' title='bbox 1161 1286 1228 1346; x_wconf 83' lang='lat' dir='ltr'><strong>tots</strong></span> <span class='ocrx_word' id='word_1_37' title='bbox 1251 1286 1377 1346; x_wconf 89' lang='lat' dir='ltr'><strong>sacrata</strong></span> <span class='ocrx_word' id='word_1_38' title='bbox 1400 1286 1459 1360; x_wconf 88' lang='lat' dir='ltr'><strong>est,</strong></span> 
     </span>
     <span class='ocr_line' id='line_1_7' title="bbox 581 1388 1498 1473; baseline 0.002 -22"><span class='ocrx_word' id='word_1_39' title='bbox 581 1409 679 1473; x_wconf 92' lang='lat' dir='ltr'><strong>quum</strong></span> <span class='ocrx_word' id='word_1_40' title='bbox 704 1393 834 1473; x_wconf 89' lang='lat' dir='ltr'><strong>caperet</strong></span> <span class='ocrx_word' id='word_1_41' title='bbox 855 1388 966 1452; x_wconf 93' lang='lat' dir='ltr'><strong>lumen</strong></span> <span class='ocrx_word' id='word_1_42' title='bbox 989 1389 1099 1473; x_wconf 83' lang='lat' dir='ltr'><strong>magni</strong></span> <span class='ocrx_word' id='word_1_43' title='bbox 1124 1389 1183 1453; x_wconf 93' lang='lat' dir='ltr'><strong>sub</strong></span> <span class='ocrx_word' id='word_1_44' title='bbox 1208 1388 1348 1454; x_wconf 80' lang='lat' dir='ltr'><strong>Caesare</strong></span> <span class='ocrx_word' id='word_1_45' title='bbox 1371 1388 1498 1470; x_wconf 88' lang='lat' dir='ltr'><strong>mundi;</strong></span> 
     </span>
     <span class='ocr_line' id='line_1_8' title="bbox 579 1493 1370 1581; baseline 0.001 -22"><span class='ocrx_word' id='word_1_46' title='bbox 579 1493 690 1561; x_wconf 88' lang='lat' dir='ltr'><strong>Ioniae</strong></span> <span class='ocrx_word' id='word_1_47' title='bbox 714 1516 842 1581; x_wconf 92' lang='lat' dir='ltr'><strong>quoque</strong></span> <span class='ocrx_word' id='word_1_48' title='bbox 866 1501 941 1560; x_wconf 90' lang='lat' dir='ltr'><strong>sunt</strong></span> <span class='ocrx_word' id='word_1_49' title='bbox 963 1497 1061 1560; x_wconf 89' lang='lat' dir='ltr'><strong>urbes</strong></span> <span class='ocrx_word' id='word_1_50' title='bbox 1085 1502 1118 1560; x_wconf 89' lang='lat' dir='ltr'><strong>et</strong></span> <span class='ocrx_word' id='word_1_51' title='bbox 1140 1495 1261 1562; x_wconf 89' lang='lat' dir='ltr'><strong>Dorica</strong></span> <span class='ocrx_word' id='word_1_52' title='bbox 1283 1517 1370 1578; x_wconf 83' lang='lat' dir='ltr'><strong>rure,</strong></span> 
     </span>
     <span class='ocr_line' id='line_1_9' title="bbox 578 1601 1339 1690; baseline 0.003 -23"><span class='ocrx_word' id='word_1_53' title='bbox 578 1601 689 1667; x_wconf 85' lang='lat' dir='ltr'><strong>Aeolis</strong></span> <span class='ocrx_word' id='word_1_54' title='bbox 714 1604 848 1688; x_wconf 85' lang='lat' dir='ltr'><strong>antiqua</strong></span> <span class='ocrx_word' id='word_1_55' title='bbox 871 1603 1099 1690; x_wconf 81' lang='lat' dir='ltr'><strong>celebrataque</strong></span> <span class='ocrx_word' id='word_1_56' title='bbox 1123 1603 1220 1669; x_wconf 88' lang='lat' dir='ltr'><strong>Caria</strong></span> <span class='ocrx_word' id='word_1_57' title='bbox 1242 1603 1339 1669; x_wconf 80' lang='lat' dir='ltr'><strong>larua.</strong></span> 
     </span>
     <span class='ocr_line' id='line_1_10' title="bbox 578 1709 1445 1797; baseline 0.001 -22"><span class='ocrx_word' id='word_1_58' title='bbox 578 1710 665 1796; x_wconf 92' lang='lat' dir='ltr'><strong>quod</strong></span> <span class='ocrx_word' id='word_1_59' title='bbox 688 1712 795 1796; x_wconf 92' lang='lat' dir='ltr'><strong>potius</strong></span> <span class='ocrx_word' id='word_1_60' title='bbox 818 1711 904 1775; x_wconf 89' lang='lat' dir='ltr'><strong>colat</strong></span> <span class='ocrx_word' id='word_1_61' title='bbox 926 1709 1064 1792; x_wconf 88' lang='lat' dir='ltr'><strong>Italiam,</strong></span> <span class='ocrx_word' id='word_1_62' title='bbox 1089 1712 1116 1775; x_wconf 95' lang='lat' dir='ltr'><strong>si</strong></span> <span class='ocrx_word' id='word_1_63' title='bbox 1139 1712 1258 1797; x_wconf 81' lang='lat' dir='ltr'><strong>seligis,</strong></span> <span class='ocrx_word' id='word_1_64' title='bbox 1283 1718 1416 1794; x_wconf 89' lang='lat' dir='ltr'><strong>astrum,</strong></span> <span class='ocrx_word' id='word_1_65' title='bbox 1443 1749 1445 1753; x_wconf 80' lang='grc'><em>·</em></span> 
     </span>
    </p>

    <p class='ocr_par' dir='ltr' id='par_1_4' title="bbox 527 1817 1579 2332">
     <span class='ocr_line' id='line_1_11' title="bbox 527 1817 1579 1904; baseline -0.001 -21"><span class='ocrx_word' id='word_1_66' title='bbox 527 1839 678 1902; x_wconf 81' lang='lat' dir='ltr'><strong>rroquam</strong></span> <span class='ocrx_word' id='word_1_67' title='bbox 703 1817 787 1903; x_wconf 93' lang='lat' dir='ltr'><strong>quod</strong></span> <span class='ocrx_word' id='word_1_68' title='bbox 813 1824 929 1883; x_wconf 87' lang='lat' dir='ltr'><strong>cuncta</strong></span> <span class='ocrx_word' id='word_1_69' title='bbox 951 1817 1046 1904; x_wconf 84' lang='lat' dir='ltr'><strong>regit,</strong></span> <span class='ocrx_word' id='word_1_70' title='bbox 1070 1818 1156 1904; x_wconf 94' lang='lat' dir='ltr'><strong>quod</strong></span> <span class='ocrx_word' id='word_1_71' title='bbox 1179 1839 1287 1883; x_wconf 92' lang='lat' dir='ltr'><strong>rerum</strong></span> <span class='ocrx_word' id='word_1_72' title='bbox 1310 1818 1455 1904; x_wconf 89' lang='lat' dir='ltr'><strong>pondera</strong></span> <span class='ocrx_word' id='word_1_73' title='bbox 1478 1818 1579 1900; x_wconf 90' lang='lat' dir='ltr'><strong>nouit,</strong></span> 
     </span>
     <span class='ocr_line' id='line_1_12' title="bbox 579 1925 1409 2012; baseline 0.002 -24"><span class='ocrx_word' id='word_1_74' title='bbox 579 1925 728 2010; x_wconf 81' lang='lat' dir='ltr'><strong>designat</strong></span> <span class='ocrx_word' id='word_1_75' title='bbox 749 1945 892 1989; x_wconf 89' lang='lat' dir='ltr'><strong>summas</strong></span> <span class='ocrx_word' id='word_1_76' title='bbox 916 1931 948 1989; x_wconf 94' lang='lat' dir='ltr'><strong>et</strong></span> <span class='ocrx_word' id='word_1_77' title='bbox 969 1925 1118 2010; x_wconf 92' lang='lat' dir='ltr'><strong>iniquum</strong></span> <span class='ocrx_word' id='word_1_78' title='bbox 1142 1931 1271 2011; x_wconf 89' lang='lat' dir='ltr'><strong>separat</strong></span> <span class='ocrx_word' id='word_1_79' title='bbox 1294 1947 1409 2012; x_wconf 88' lang='lat' dir='ltr'><strong>aequo,</strong></span> 
     </span>
     <span class='ocr_line' id='line_1_13' title="bbox 579 2031 1547 2118; baseline 0 -22"><span class='ocrx_word' id='word_1_80' title='bbox 579 2038 725 2117; x_wconf 86' lang='lat' dir='ltr'><strong>tempora</strong></span> <span class='ocrx_word' id='word_1_81' title='bbox 749 2052 812 2117; x_wconf 92' lang='lat' dir='ltr'><strong>quo</strong></span> <span class='ocrx_word' id='word_1_82' title='bbox 836 2032 988 2117; x_wconf 89' lang='lat' dir='ltr'><strong>pendent,</strong></span> <span class='ocrx_word' id='word_1_83' title='bbox 1013 2038 1130 2097; x_wconf 90' lang='lat' dir='ltr'><strong>cocunt</strong></span> <span class='ocrx_word' id='word_1_84' title='bbox 1153 2054 1217 2118; x_wconf 91' lang='lat' dir='ltr'><strong>quo</strong></span> <span class='ocrx_word' id='word_1_85' title='bbox 1240 2053 1368 2117; x_wconf 89' lang='lat' dir='ltr'><strong>noxque</strong></span> <span class='ocrx_word' id='word_1_86' title='bbox 1392 2031 1547 2118; x_wconf 78' lang='lat' dir='ltr'><strong>diesque?</strong></span> 
     </span>
     <span class='ocr_line' id='line_1_14' title="bbox 576 2138 1455 2226; baseline 0.001 -23"><span class='ocrx_word' id='word_1_87' title='bbox 576 2138 770 2224; x_wconf 83' lang='lat' dir='ltr'><strong>Hesperiam</strong></span> <span class='ocrx_word' id='word_1_88' title='bbox 794 2161 854 2203; x_wconf 91' lang='lat' dir='ltr'><strong>sua</strong></span> <span class='ocrx_word' id='word_1_89' title='bbox 876 2139 961 2204; x_wconf 92' lang='lat' dir='ltr'><strong>libra</strong></span> <span class='ocrx_word' id='word_1_90' title='bbox 983 2146 1081 2212; x_wconf 82' lang='lat' dir='ltr'><strong>tenet,</strong></span> <span class='ocrx_word' id='word_1_91' title='bbox 1106 2161 1171 2226; x_wconf 93' lang='lat' dir='ltr'><strong>qua</strong></span> <span class='ocrx_word' id='word_1_92' title='bbox 1195 2139 1324 2205; x_wconf 91' lang='lat' dir='ltr'><strong>condita</strong></span> <span class='ocrx_word' id='word_1_93' title='bbox 1347 2138 1455 2204; x_wconf 89' lang='lat' dir='ltr'><strong>Roma</strong></span> 
     </span>
     <span class='ocr_line' id='line_1_15' title="bbox 578 2245 1361 2332; baseline -0.001 -21"><span class='ocrx_word' id='word_1_94' title='bbox 578 2247 665 2311; x_wconf 90' lang='lat' dir='ltr'><strong>orbis</strong></span> <span class='ocrx_word' id='word_1_95' title='bbox 689 2252 721 2311; x_wconf 93' lang='lat' dir='ltr'><strong>et</strong></span> <span class='ocrx_word' id='word_1_96' title='bbox 743 2245 879 2332; x_wconf 93' lang='lat' dir='ltr'><strong>imperio</strong></span> <span class='ocrx_word' id='word_1_97' title='bbox 903 2247 1021 2311; x_wconf 89' lang='lat' dir='ltr'><strong>retinet</strong></span> <span class='ocrx_word' id='word_1_98' title='bbox 1044 2247 1231 2312; x_wconf 89' lang='lat' dir='ltr'><strong>discrimina</strong></span> <span class='ocrx_word' id='word_1_99' title='bbox 1254 2268 1361 2312; x_wconf 89' lang='lat' dir='ltr'><strong>rerum</strong></span> 
     </span>
    </p>

    <p class='ocr_par' dir='ltr' id='par_1_5' title="bbox 476 2353 1539 2763">
     <span class='ocr_line' id='line_1_16' title="bbox 476 2353 1426 2440; baseline -0.003 -20"><span class='ocrx_word' id='word_1_100' title='bbox 476 2369 479 2374; x_wconf 83' lang='grc'><strong><em>·</em></strong></span> <span class='ocrx_word' id='word_1_101' title='bbox 523 2376 564 2421; x_wconf 79' lang='lat' dir='ltr'><strong>aas</strong></span> <span class='ocrx_word' id='word_1_102' title='bbox 577 2354 723 2418; x_wconf 89' lang='lat' dir='ltr'><strong>lancibus</strong></span> <span class='ocrx_word' id='word_1_103' title='bbox 746 2359 779 2418; x_wconf 89' lang='lat' dir='ltr'><strong>et</strong></span> <span class='ocrx_word' id='word_1_104' title='bbox 801 2354 912 2439; x_wconf 89' lang='lat' dir='ltr'><strong>positis</strong></span> <span class='ocrx_word' id='word_1_105' title='bbox 936 2360 1050 2440; x_wconf 81' lang='lat' dir='ltr'><strong>gentes</strong></span> <span class='ocrx_word' id='word_1_106' title='bbox 1074 2354 1220 2440; x_wconf 88' lang='lat' dir='ltr'><strong>tollitque</strong></span> <span class='ocrx_word' id='word_1_107' title='bbox 1243 2353 1426 2439; x_wconf 86' lang='lat' dir='ltr'><strong>premitque</strong></span> 
     </span>
     <span class='ocr_line' id='line_1_17' title="bbox 577 2457 1539 2543; baseline 0.001 -21"><span class='ocrx_word' id='word_1_108' title='bbox 577 2479 643 2540; x_wconf 84' lang='lat' dir='ltr'><strong>quo</strong></span> <span class='ocrx_word' id='word_1_109' title='bbox 665 2458 797 2543; x_wconf 69' lang='lat' dir='ltr'><strong>penitus</strong></span> <span class='ocrx_word' id='word_1_110' title='bbox 822 2457 1009 2541; x_wconf 78' lang='lat' dir='ltr'><strong>Caesarque</strong></span> <span class='ocrx_word' id='word_1_111' title='bbox 1032 2479 1126 2525; x_wconf 81' lang='lat' dir='ltr'><strong>meus</strong></span> <span class='ocrx_word' id='word_1_112' title='bbox 1150 2478 1240 2524; x_wconf 79' lang='lat' dir='ltr'><strong>cunc</strong></span> <span class='ocrx_word' id='word_1_113' title='bbox 1260 2458 1408 2542; x_wconf 76' lang='lat' dir='ltr'><strong>possidet</strong></span> <span class='ocrx_word' id='word_1_114' title='bbox 1430 2457 1539 2523; x_wconf 82' lang='lat' dir='ltr'><strong>orbem</strong></span> 
     </span>
     <span class='ocr_line' id='line_1_18' title="bbox 576 2568 1416 2654; baseline -0.001 -22"><span class='ocrx_word' id='word_1_115' title='bbox 576 2574 608 2633; x_wconf 90' lang='lat' dir='ltr'><strong>et</strong></span> <span class='ocrx_word' id='word_1_116' title='bbox 630 2568 768 2654; x_wconf 92' lang='lat' dir='ltr'><strong>propriis</strong></span> <span class='ocrx_word' id='word_1_117' title='bbox 791 2568 899 2634; x_wconf 82' lang='lat' dir='ltr'><strong>frenat</strong></span> <span class='ocrx_word' id='word_1_118' title='bbox 920 2569 1116 2654; x_wconf 78' lang='lat' dir='ltr'><strong>pendentem</strong></span> <span class='ocrx_word' id='word_1_119' title='bbox 1141 2569 1272 2634; x_wconf 88' lang='lat' dir='ltr'><strong>nutibus</strong></span> <span class='ocrx_word' id='word_1_120' title='bbox 1296 2569 1416 2634; x_wconf 90' lang='lat' dir='ltr'><strong>orbem.</strong></span> 
     </span>
     <span class='ocr_line' id='line_1_19' title="bbox 481 2666 1302 2763; baseline 0.005 -24"><span class='ocrx_word' id='word_1_121' title='bbox 481 2666 487 2681; x_wconf 86' lang='grc'><strong>’</strong></span> <span class='ocrx_word' id='word_1_122' title='bbox 577 2675 713 2741; x_wconf 84' lang='lat' dir='ltr'><strong>inferius</strong></span> <span class='ocrx_word' id='word_1_123' title='bbox 737 2676 842 2741; x_wconf 87' lang='lat' dir='ltr'><strong>uictae</strong></span> <span class='ocrx_word' id='word_1_124' title='bbox 865 2677 954 2749; x_wconf 85' lang='lat' dir='ltr'><strong>sidus</strong></span> <span class='ocrx_word' id='word_1_125' title='bbox 978 2675 1189 2763; x_wconf 79' lang='lat' dir='ltr'><strong>Carthaginis</strong></span> <span class='ocrx_word' id='word_1_126' title='bbox 1211 2699 1302 2743; x_wconf 90' lang='lat' dir='ltr'><strong>arces</strong></span> 
     </span>
    </p>

    <p class='ocr_par' dir='ltr' id='par_1_6' title="bbox 577 2782 1412 2870">
     <span class='ocr_line' id='line_1_20' title="bbox 577 2782 1412 2870; baseline 0.001 -23"><span class='ocrx_word' id='word_1_127' title='bbox 577 2788 610 2847; x_wconf 90' lang='lat' dir='ltr'><strong>et</strong></span> <span class='ocrx_word' id='word_1_128' title='bbox 631 2782 767 2869; x_wconf 85' lang='lat' dir='ltr'><strong>Libyam</strong></span> <span class='ocrx_word' id='word_1_129' title='bbox 791 2783 995 2870; x_wconf 82' lang='lat' dir='ltr'><strong>Aegyptique</strong></span> <span class='ocrx_word' id='word_1_130' title='bbox 1018 2784 1105 2850; x_wconf 92' lang='lat' dir='ltr'><strong>latus</strong></span> <span class='ocrx_word' id='word_1_131' title='bbox 1128 2785 1313 2870; x_wconf 90' lang='lat' dir='ltr'><strong>donataque</strong></span> <span class='ocrx_word' id='word_1_132' title='bbox 1336 2806 1412 2849; x_wconf 90' lang='lat' dir='ltr'><strong>rura</strong></span> 
     </span>
    </p>

    <p class='ocr_par' dir='ltr' id='par_1_7' title="bbox 521 2888 1497 3406">
     <span class='ocr_line' id='line_1_21' title="bbox 521 2888 1342 2977; baseline -0.002 -22"><span class='ocrx_word' id='word_1_133' title='bbox 521 2912 562 2955; x_wconf 83' lang='lat' dir='ltr'><strong>rso</strong></span> <span class='ocrx_word' id='word_1_134' title='bbox 576 2888 718 2975; x_wconf 79' lang='lat' dir='ltr'><strong>Cyrenes</strong></span> <span class='ocrx_word' id='word_1_135' title='bbox 741 2890 883 2956; x_wconf 80' lang='lat' dir='ltr'><strong>lacrimis</strong></span> <span class='ocrx_word' id='word_1_136' title='bbox 907 2892 1052 2957; x_wconf 90' lang='lat' dir='ltr'><strong>radiatus</strong></span> <span class='ocrx_word' id='word_1_137' title='bbox 1076 2893 1220 2977; x_wconf 82' lang='lat' dir='ltr'><strong>scorpios</strong></span> <span class='ocrx_word' id='word_1_138' title='bbox 1243 2891 1342 2955; x_wconf 89' lang='lat' dir='ltr'><strong>armis</strong></span> 
     </span>
     <span class='ocr_line' id='line_1_22' title="bbox 576 2995 1370 3084; baseline 0.003 -23"><span class='ocrx_word' id='word_1_139' title='bbox 576 2998 660 3062; x_wconf 90' lang='lat' dir='ltr'><strong>eruit</strong></span> <span class='ocrx_word' id='word_1_140' title='bbox 682 2995 860 3083; x_wconf 88' lang='lat' dir='ltr'><strong>Italiaeque</strong></span> <span class='ocrx_word' id='word_1_141' title='bbox 884 3004 990 3064; x_wconf 87' lang='lat' dir='ltr'><strong>tamen</strong></span> <span class='ocrx_word' id='word_1_142' title='bbox 1016 3003 1178 3084; x_wconf 81' lang='lat' dir='ltr'><strong>respectat</strong></span> <span class='ocrx_word' id='word_1_143' title='bbox 1200 2997 1241 3062; x_wconf 85' lang='lat' dir='ltr'><strong>ad</strong></span> <span class='ocrx_word' id='word_1_144' title='bbox 1266 2997 1370 3063; x_wconf 87' lang='lat' dir='ltr'><strong>undas</strong></span> 
     </span>
     <span class='ocr_line' id='line_1_23' title="bbox 577 3105 1497 3191; baseline 0.003 -23"><span class='ocrx_word' id='word_1_145' title='bbox 577 3105 824 3191; x_wconf 79' lang='lat' dir='ltr'><strong>Sardiniamque</strong></span> <span class='ocrx_word' id='word_1_146' title='bbox 848 3113 937 3171; x_wconf 86' lang='lat' dir='ltr'><strong>tenet</strong></span> <span class='ocrx_word' id='word_1_147' title='bbox 958 3106 1111 3191; x_wconf 80' lang='lat' dir='ltr'><strong>lusasque</strong></span> <span class='ocrx_word' id='word_1_148' title='bbox 1134 3127 1194 3191; x_wconf 91' lang='lat' dir='ltr'><strong>par</strong></span> <span class='ocrx_word' id='word_1_149' title='bbox 1218 3126 1362 3191; x_wconf 89' lang='lat' dir='ltr'><strong>aequora</strong></span> <span class='ocrx_word' id='word_1_150' title='bbox 1385 3111 1497 3171; x_wconf 85' lang='lat' dir='ltr'><strong>terras.</strong></span> 
     </span>
     <span class='ocr_line' id='line_1_24' title="bbox 576 3211 1341 3298; baseline -0.001 -21"><span class='ocrx_word' id='word_1_151' title='bbox 576 3211 698 3277; x_wconf 82' lang='lat' dir='ltr'><strong>Gnosia</strong></span> <span class='ocrx_word' id='word_1_152' title='bbox 722 3220 875 3277; x_wconf 85' lang='lat' dir='ltr'><strong>centauro</strong></span> <span class='ocrx_word' id='word_1_153' title='bbox 901 3213 995 3278; x_wconf 88' lang='lat' dir='ltr'><strong>tellus</strong></span> <span class='ocrx_word' id='word_1_154' title='bbox 1019 3213 1219 3278; x_wconf 85' lang='lat' dir='ltr'><strong>circumdata</strong></span> <span class='ocrx_word' id='word_1_155' title='bbox 1241 3218 1341 3298; x_wconf 91' lang='lat' dir='ltr'><strong>ponto</strong></span> 
     </span>
     <span class='ocr_line' id='line_1_25' title="bbox 576 3318 1374 3406; baseline -0.001 -22"><span class='ocrx_word' id='word_1_156' title='bbox 576 3327 676 3405; x_wconf 88' lang='lat' dir='ltr'><strong>paret,</strong></span> <span class='ocrx_word' id='word_1_157' title='bbox 701 3327 733 3384; x_wconf 89' lang='lat' dir='ltr'><strong>et</strong></span> <span class='ocrx_word' id='word_1_158' title='bbox 756 3321 788 3385; x_wconf 95' lang='lat' dir='ltr'><strong>in</strong></span> <span class='ocrx_word' id='word_1_159' title='bbox 812 3321 978 3406; x_wconf 86' lang='lat' dir='ltr'><strong>geminum</strong></span> <span class='ocrx_word' id='word_1_160' title='bbox 1002 3320 1118 3386; x_wconf 87' lang='lat' dir='ltr'><strong>Minois</strong></span> <span class='ocrx_word' id='word_1_161' title='bbox 1142 3318 1228 3384; x_wconf 91' lang='lat' dir='ltr'><strong>filius</strong></span> <span class='ocrx_word' id='word_1_162' title='bbox 1252 3326 1374 3384; x_wconf 86' lang='lat' dir='ltr'><strong>astrum</strong></span> 
     </span>
    </p>

    <p class='ocr_par' dir='ltr' id='par_1_8' title="bbox 522 3426 1458 3836">
     <span class='ocr_line' id='line_1_26' title="bbox 522 3426 1458 3513; baseline -0.002 -21"><span class='ocrx_word' id='word_1_163' title='bbox 522 3447 562 3492; x_wconf 76' lang='lat' dir='ltr'><strong>ras</strong></span> <span class='ocrx_word' id='word_1_164' title='bbox 576 3428 644 3512; x_wconf 89' lang='lat' dir='ltr'><strong>ipse</strong></span> <span class='ocrx_word' id='word_1_165' title='bbox 668 3428 758 3492; x_wconf 88' lang='lat' dir='ltr'><strong>uenit</strong></span> <span class='ocrx_word' id='word_1_166' title='bbox 781 3429 944 3512; x_wconf 85' lang='lat' dir='ltr'><strong>geminus3</strong></span> <span class='ocrx_word' id='word_1_167' title='bbox 968 3428 1082 3491; x_wconf 90' lang='lat' dir='ltr'><strong>celeris</strong></span> <span class='ocrx_word' id='word_1_168' title='bbox 1105 3428 1181 3491; x_wconf 92' lang='lat' dir='ltr'><strong>hinc</strong></span> <span class='ocrx_word' id='word_1_169' title='bbox 1205 3426 1303 3492; x_wconf 85' lang='lat' dir='ltr'><strong>Creta</strong></span> <span class='ocrx_word' id='word_1_170' title='bbox 1325 3428 1458 3513; x_wconf 82' lang='lat' dir='ltr'><strong>sagittas</strong></span> 
     </span>
     <span class='ocr_line' id='line_1_27' title="bbox 577 3535 1349 3620; baseline 0 -23"><span class='ocrx_word' id='word_1_171' title='bbox 577 3536 691 3598; x_wconf 88' lang='lat' dir='ltr'><strong>asserit</strong></span> <span class='ocrx_word' id='word_1_172' title='bbox 713 3536 918 3620; x_wconf 90' lang='lat' dir='ltr'><strong>intentosque</strong></span> <span class='ocrx_word' id='word_1_173' title='bbox 940 3535 1085 3599; x_wconf 82' lang='lat' dir='ltr'><strong>imitetur</strong></span> <span class='ocrx_word' id='word_1_174' title='bbox 1107 3535 1221 3599; x_wconf 89' lang='lat' dir='ltr'><strong>sideris</strong></span> <span class='ocrx_word' id='word_1_175' title='bbox 1246 3556 1349 3600; x_wconf 89' lang='lat' dir='ltr'><strong>arcus.</strong></span> 
     </span>
     <span class='ocr_line' id='line_1_28' title="bbox 575 3641 1422 3709; baseline 0.006 -5"><span class='ocrx_word' id='word_1_176' title='bbox 575 3642 680 3705; x_wconf 90' lang='lat' dir='ltr'><strong>insula</strong></span> <span class='ocrx_word' id='word_1_177' title='bbox 703 3641 892 3707; x_wconf 87' lang='lat' dir='ltr'><strong>Trinacriae</strong></span> <span class='ocrx_word' id='word_1_178' title='bbox 915 3642 1096 3707; x_wconf 89' lang='lat' dir='ltr'><strong>fluitantem</strong></span> <span class='ocrx_word' id='word_1_179' title='bbox 1120 3642 1160 3708; x_wconf 88' lang='lat' dir='ltr'><strong>ad</strong></span> <span class='ocrx_word' id='word_1_180' title='bbox 1184 3641 1256 3706; x_wconf 88' lang='lat' dir='ltr'><strong>iura</strong></span> <span class='ocrx_word' id='word_1_181' title='bbox 1279 3663 1422 3709; x_wconf 90' lang='lat' dir='ltr'><strong>sororem</strong></span> 
     </span>
     <span class='ocr_line' id='line_1_29' title="bbox 576 3748 1430 3836; baseline 0.002 -23"><span class='ocrx_word' id='word_1_182' title='bbox 576 3748 782 3834; x_wconf 90' lang='lat' dir='ltr'><strong>subsequitur</strong></span> <span class='ocrx_word' id='word_1_183' title='bbox 805 3750 923 3815; x_wconf 88' lang='lat' dir='ltr'><strong>Creten</strong></span> <span class='ocrx_word' id='word_1_184' title='bbox 947 3751 1006 3815; x_wconf 91' lang='lat' dir='ltr'><strong>sub</strong></span> <span class='ocrx_word' id='word_1_185' title='bbox 1030 3749 1145 3814; x_wconf 89' lang='lat' dir='ltr'><strong>eodem</strong></span> <span class='ocrx_word' id='word_1_186' title='bbox 1170 3750 1298 3815; x_wconf 84' lang='lat' dir='ltr'><strong>condita</strong></span> <span class='ocrx_word' id='word_1_187' title='bbox 1322 3751 1430 3836; x_wconf 81' lang='lat' dir='ltr'><strong>sign03</strong></span> 
     </span>
    </p>
   </div>
   <div class='ocr_carea' id='block_1_3' title="bbox 315 3874 1730 4236">
    <p class='ocr_par' dir='ltr' id='par_1_9' title="bbox 315 3874 1730 4236">
     <span class='ocr_line' id='line_1_30' title="bbox 522 3874 1728 3997; baseline 0.001 -15"><span class='ocrx_word' id='word_1_188' title='bbox 522 3928 575 3982; x_wconf 94' lang='grc'><strong>768</strong></span> <span class='ocrx_word' id='word_1_189' title='bbox 587 3911 748 3995; x_wconf 74' lang='grc' dir='ltr'><strong>ηιαοεξὶιυηί</strong></span> <span class='ocrx_word' id='word_1_190' title='bbox 762 3955 794 3963; x_wconf 96' lang='grc'>-</span> <span class='ocrx_word' id='word_1_191' title='bbox 809 3928 862 3983; x_wconf 89' lang='grc'><strong>768</strong></span> <span class='ocrx_word' id='word_1_192' title='bbox 873 3934 961 3983; x_wconf 86' lang='lat' dir='ltr'><strong>castra</strong></span> <span class='ocrx_word' id='word_1_193' title='bbox 971 3942 999 3981; x_wconf 92' lang='lat' dir='ltr'><strong>m</strong></span> <span class='ocrx_word' id='word_1_194' title='bbox 1014 3874 1181 3997; x_wconf 50' lang='lat' dir='ltr'><strong>modilia</strong></span> <span class='ocrx_word' id='word_1_195' title='bbox 1195 3926 1356 3996; x_wconf 79' lang='lat' dir='ltr'><strong>maiorisque</strong></span> <span class='ocrx_word' id='word_1_196' title='bbox 1365 3942 1392 3981; x_wconf 86' lang='lat' dir='ltr'><strong>nr</strong></span> <span class='ocrx_word' id='word_1_197' title='bbox 1409 3956 1440 3965; x_wconf 92' lang='lat'><em>-</em></span> <span class='ocrx_word' id='word_1_198' title='bbox 1455 3929 1509 3984; x_wconf 84' lang='grc'><strong>764</strong></span> <span class='ocrx_word' id='word_1_199' title='bbox 1521 3930 1587 3983; x_wconf 83' lang='lat' dir='ltr'><strong>esto</strong></span> <span class='ocrx_word' id='word_1_200' title='bbox 1601 3927 1650 3997; x_wconf 68' lang='lat' dir='ltr'><strong>(est</strong></span> <span class='ocrx_word' id='word_1_201' title='bbox 1659 3927 1682 3995; x_wconf 88' lang='lat' dir='ltr'><strong>l)</strong></span> <span class='ocrx_word' id='word_1_202' title='bbox 1696 3960 1728 3968; x_wconf 97' lang='lat'>—</span> 
     </span>
     <span class='ocr_line' id='line_1_31' title="bbox 415 4019 1730 4105; baseline 0.002 -25"><span class='ocrx_word' id='word_1_203' title='bbox 415 4026 468 4081; x_wconf 78' lang='grc'><strong>765</strong></span> <span class='ocrx_word' id='word_1_204' title='bbox 482 4023 637 4094; x_wconf 79' lang='lat' dir='ltr'><strong>tuquelmc</strong></span> <span class='ocrx_word' id='word_1_205' title='bbox 654 4032 762 4095; x_wconf 71' lang='lat' dir='ltr'><strong>toqaeg</strong></span> <span class='ocrx_word' id='word_1_206' title='bbox 778 4024 812 4079; x_wconf 78' lang='lat' dir='ltr'><strong>cl</strong></span> <span class='ocrx_word' id='word_1_207' title='bbox 828 4028 930 4095; x_wconf 85' lang='lat' dir='ltr'><strong>estgm</strong></span> <span class='ocrx_word' id='word_1_208' title='bbox 949 4025 1314 4094; x_wconf 78' lang='lat' dir='ltr'><strong>etc-roscaperentlgc</strong></span> <span class='ocrx_word' id='word_1_209' title='bbox 1327 4027 1576 4094; x_wconf 65' lang='lat' dir='ltr'><strong>caperem—767</strong></span> <span class='ocrx_word' id='word_1_210' title='bbox 1590 4019 1730 4105; x_wconf 66' lang='lat' dir='ltr'><strong>Ardodcsl</strong></span> 
     </span>
     <span class='ocr_line' id='line_1_32' title="bbox 315 4114 1729 4236; baseline 0.002 -60"><span class='ocrx_word' id='word_1_211' title='bbox 315 4151 317 4156; x_wconf 85' lang='lat'><em>.</em></span> <span class='ocrx_word' id='word_1_212' title='bbox 414 4122 569 4178; x_wconf 82' lang='lat' dir='ltr'><strong>Arcadeam</strong></span> <span class='ocrx_word' id='word_1_213' title='bbox 583 4123 728 4178; x_wconf 81' lang='lat' dir='ltr'><strong>Aroudeso</strong></span> <span class='ocrx_word' id='word_1_214' title='bbox 740 4152 772 4160; x_wconf 92' lang='lat'>-</span> <span class='ocrx_word' id='word_1_215' title='bbox 782 4125 835 4180; x_wconf 87' lang='grc'><strong>769</strong></span> <span class='ocrx_word' id='word_1_216' title='bbox 844 4124 935 4179; x_wconf 75' lang='lat' dir='ltr'><strong>colato</strong></span> <span class='ocrx_word' id='word_1_217' title='bbox 947 4114 1075 4192; x_wconf 68' lang='grc' dir='ltr'><strong>είεῑὶίρεεὶ</strong></span> <span class='ocrx_word' id='word_1_218' title='bbox 1088 4123 1232 4193; x_wconf 56' lang='lat' dir='ltr'><strong>cadmum</strong></span> <span class='ocrx_word' id='word_1_219' title='bbox 1246 4152 1277 4160; x_wconf 91' lang='lat'>-</span> <span class='ocrx_word' id='word_1_220' title='bbox 1289 4122 1515 4233; x_wconf 46' lang='lat' dir='ltr'><strong>lltccpldpqqtps</strong></span> <span class='ocrx_word' id='word_1_221' title='bbox 1525 4124 1729 4236; x_wconf 49' lang='lat' dir='ltr'><strong>wssjn&#39;zmag</strong></span> 
     </span>
    </p>
   </div>
   <div class='ocr_carea' id='block_1_4' title="bbox 411 4206 1794 5012">
    <p class='ocr_par' dir='ltr' id='par_1_10' title="bbox 411 4206 1794 5012">
     <span class='ocr_line' id='line_1_33' title="bbox 413 4206 1729 4318; baseline 0.003 -15"><span class='ocrx_word' id='word_1_222' title='bbox 413 4250 559 4318; x_wconf 79' lang='lat' dir='ltr'><strong>imperium</strong></span> <span class='ocrx_word' id='word_1_223' title='bbox 573 4264 594 4299; x_wconf 84' lang='lat' dir='ltr'><strong>o</strong></span> <span class='ocrx_word' id='word_1_224' title='bbox 613 4276 645 4285; x_wconf 93' lang='lat'>-</span> <span class='ocrx_word' id='word_1_225' title='bbox 663 4250 714 4304; x_wconf 80' lang='grc'><strong>775</strong></span> <span class='ocrx_word' id='word_1_226' title='bbox 725 4248 848 4317; x_wconf 77' lang='lat' dir='ltr'><strong>positisg</strong></span> <span class='ocrx_word' id='word_1_227' title='bbox 867 4250 970 4317; x_wconf 71' lang='lat' dir='ltr'><strong>positas</strong></span> <span class='ocrx_word' id='word_1_228' title='bbox 983 4264 1005 4299; x_wconf 85' lang='lat' dir='ltr'><strong>u&gt;</strong></span> <span class='ocrx_word' id='word_1_229' title='bbox 1023 4277 1054 4286; x_wconf 96' lang='lat'>-</span> <span class='ocrx_word' id='word_1_230' title='bbox 1076 4251 1129 4306; x_wconf 88' lang='grc'><strong>776</strong></span> <span class='ocrx_word' id='word_1_231' title='bbox 1142 4248 1251 4318; x_wconf 74' lang='lat' dir='ltr'><strong>penitas</strong></span> <span class='ocrx_word' id='word_1_232' title='bbox 1267 4288 1274 4301; x_wconf 90' lang='lat'><strong>.</strong></span> <span class='ocrx_word' id='word_1_233' title='bbox 1289 4289 1294 4301; x_wconf 96' lang='lat'><strong>.</strong></span> <span class='ocrx_word' id='word_1_234' title='bbox 1312 4264 1386 4303; x_wconf 71' lang='lat' dir='ltr'><strong>mm</strong></span> <span class='ocrx_word' id='word_1_235' title='bbox 1397 4264 1473 4303; x_wconf 77' lang='lat' dir='ltr'><strong>ncnc</strong></span> <span class='ocrx_word' id='word_1_236' title='bbox 1485 4206 1604 4304; x_wconf 67' lang='lat' dir='ltr'><strong>ddrldr&#39;dit</strong></span> <span class='ocrx_word' id='word_1_237' title='bbox 1619 4248 1729 4307; x_wconf 81' lang='lat' dir='ltr'><strong>trteml</strong></span> 
     </span>
     <span class='ocr_line' id='line_1_34' title="bbox 413 4345 1728 4417; baseline 0.002 -16"><span class='ocrx_word' id='word_1_238' title='bbox 413 4363 554 4415; x_wconf 76' lang='lat' dir='ltr'><strong>uusarqroe</strong></span> <span class='ocrx_word' id='word_1_239' title='bbox 571 4362 646 4399; x_wconf 85' lang='lat' dir='ltr'><strong>meus</strong></span> <span class='ocrx_word' id='word_1_240' title='bbox 661 4362 736 4399; x_wconf 80' lang='lat' dir='ltr'><strong>nunc</strong></span> <span class='ocrx_word' id='word_1_241' title='bbox 747 4345 866 4413; x_wconf 82' lang='lat' dir='ltr'><strong>possidet</strong></span> <span class='ocrx_word' id='word_1_242' title='bbox 881 4346 971 4399; x_wconf 84' lang='lat' dir='ltr'><strong>orbem</strong></span> <span class='ocrx_word' id='word_1_243' title='bbox 985 4361 1012 4400; x_wconf 92' lang='lat' dir='ltr'><strong>m</strong></span> <span class='ocrx_word' id='word_1_244' title='bbox 1031 4363 1091 4401; x_wconf 76' lang='lat' dir='ltr'><strong>cam</strong></span> <span class='ocrx_word' id='word_1_245' title='bbox 1105 4346 1195 4415; x_wconf 79' lang='lat' dir='ltr'><strong>fratre</strong></span> <span class='ocrx_word' id='word_1_246' title='bbox 1210 4363 1300 4401; x_wconf 65' lang='lat' dir='ltr'><strong>umus</strong></span> <span class='ocrx_word' id='word_1_247' title='bbox 1317 4346 1387 4401; x_wconf 76' lang='lat' dir='ltr'><strong>hanc</strong></span> <span class='ocrx_word' id='word_1_248' title='bbox 1399 4346 1517 4401; x_wconf 80' lang='lat' dir='ltr'><strong>condidit</strong></span> <span class='ocrx_word' id='word_1_249' title='bbox 1533 4346 1626 4402; x_wconf 80' lang='lat' dir='ltr'><strong>arbem</strong></span> <span class='ocrx_word' id='word_1_250' title='bbox 1640 4363 1680 4417; x_wconf 82' lang='lat' dir='ltr'><strong>gc</strong></span> <span class='ocrx_word' id='word_1_251' title='bbox 1694 4378 1728 4387; x_wconf 89' lang='lat'>—</span> 
     </span>
     <span class='ocr_line' id='line_1_35' title="bbox 415 4441 1726 4514; baseline 0 -14"><span class='ocrx_word' id='word_1_252' title='bbox 415 4447 468 4501; x_wconf 98' lang='grc'><strong>778</strong></span> <span class='ocrx_word' id='word_1_253' title='bbox 492 4443 632 4514; x_wconf 80' lang='lat' dir='ltr'><strong>Ectybiam</strong></span> <span class='ocrx_word' id='word_1_254' title='bbox 650 4458 678 4497; x_wconf 87' lang='lat' dir='ltr'><strong>m</strong></span> <span class='ocrx_word' id='word_1_255' title='bbox 696 4441 741 4509; x_wconf 82' lang='lat' dir='ltr'><strong>(L)</strong></span> <span class='ocrx_word' id='word_1_256' title='bbox 770 4443 883 4513; x_wconf 77' lang='lat' dir='ltr'><strong>Aeyipto</strong></span> <span class='ocrx_word' id='word_1_257' title='bbox 905 4443 977 4498; x_wconf 76' lang='lat' dir='ltr'><strong>latus</strong></span> <span class='ocrx_word' id='word_1_258' title='bbox 998 4443 1096 4498; x_wconf 71' lang='lat' dir='ltr'><strong>donam</strong></span> <span class='ocrx_word' id='word_1_259' title='bbox 1120 4444 1218 4512; x_wconf 83' lang='lat' dir='ltr'><strong>aquira</strong></span> <span class='ocrx_word' id='word_1_260' title='bbox 1237 4459 1265 4499; x_wconf 95' lang='lat' dir='ltr'><strong>m</strong></span> <span class='ocrx_word' id='word_1_261' title='bbox 1298 4445 1411 4514; x_wconf 78' lang='lat' dir='ltr'><strong>Acpypti</strong></span> <span class='ocrx_word' id='word_1_262' title='bbox 1434 4442 1534 4499; x_wconf 79' lang='lat' dir='ltr'><strong>latasl</strong></span> <span class='ocrx_word' id='word_1_263' title='bbox 1566 4460 1670 4501; x_wconf 74' lang='lat' dir='ltr'><strong>sacrao</strong></span> <span class='ocrx_word' id='word_1_264' title='bbox 1694 4476 1726 4484; x_wconf 97' lang='lat'>—</span> 
     </span>
     <span class='ocr_line' id='line_1_36' title="bbox 414 4533 1729 4615; baseline 0.003 -17"><span class='ocrx_word' id='word_1_265' title='bbox 414 4545 467 4598; x_wconf 88' lang='grc'><strong>780</strong></span> <span class='ocrx_word' id='word_1_266' title='bbox 489 4533 649 4613; x_wconf 70' lang='lat' dir='ltr'><strong>llrrlrenlsl</strong></span> <span class='ocrx_word' id='word_1_267' title='bbox 671 4542 820 4596; x_wconf 74' lang='lat' dir='ltr'><strong>Thimenos</strong></span> <span class='ocrx_word' id='word_1_268' title='bbox 830 4556 870 4609; x_wconf 80' lang='lat' dir='ltr'><strong>gc</strong></span> <span class='ocrx_word' id='word_1_269' title='bbox 888 4541 1035 4596; x_wconf 75' lang='lat' dir='ltr'><strong>l&#39;lrirrcnos</strong></span> <span class='ocrx_word' id='word_1_270' title='bbox 1046 4557 1073 4596; x_wconf 92' lang='lat' dir='ltr'><strong>m</strong></span> <span class='ocrx_word' id='word_1_271' title='bbox 1092 4539 1192 4597; x_wconf 82' lang='lat' dir='ltr'><strong>rodiot’</strong></span> <span class='ocrx_word' id='word_1_272' title='bbox 1201 4541 1343 4611; x_wconf 69' lang='lat' dir='ltr'><strong>accepturi</strong></span> <span class='ocrx_word' id='word_1_273' title='bbox 1358 4542 1449 4597; x_wconf 79' lang='lat' dir='ltr'><strong>radiat</strong></span> <span class='ocrx_word' id='word_1_274' title='bbox 1461 4559 1495 4598; x_wconf 88' lang='lat' dir='ltr'><strong>sc.</strong></span> <span class='ocrx_word' id='word_1_275' title='bbox 1507 4557 1536 4596; x_wconf 92' lang='lat' dir='ltr'><strong>m</strong></span> <span class='ocrx_word' id='word_1_276' title='bbox 1552 4544 1729 4615; x_wconf 79' lang='lat' dir='ltr'><strong>radiotasgo</strong></span> 
     </span>
     <span class='ocr_line' id='line_1_37' title="bbox 413 4613 1727 4717; baseline 0.003 -14"><span class='ocrx_word' id='word_1_277' title='bbox 413 4664 516 4704; x_wconf 85' lang='lat' dir='ltr'><strong>arcese</strong></span> <span class='ocrx_word' id='word_1_278' title='bbox 536 4678 569 4686; x_wconf 92' lang='lat'>-</span> <span class='ocrx_word' id='word_1_279' title='bbox 588 4651 641 4706; x_wconf 79' lang='grc'><strong>782</strong></span> <span class='ocrx_word' id='word_1_280' title='bbox 657 4640 795 4717; x_wconf 54' lang='lat' dir='ltr'><strong>fructuri</strong></span> <span class='ocrx_word' id='word_1_281' title='bbox 812 4649 927 4717; x_wconf 67' lang='lat' dir='ltr'><strong>fusoque</strong></span> <span class='ocrx_word' id='word_1_282' title='bbox 940 4663 967 4702; x_wconf 88' lang='lat' dir='ltr'><strong>m</strong></span> <span class='ocrx_word' id='word_1_283' title='bbox 989 4677 1021 4685; x_wconf 89' lang='lat'><em>-</em></span> <span class='ocrx_word' id='word_1_284' title='bbox 1042 4650 1095 4705; x_wconf 85' lang='grc'><strong>783</strong></span> <span class='ocrx_word' id='word_1_285' title='bbox 1112 4656 1243 4705; x_wconf 75' lang='lat' dir='ltr'><strong>centauro</strong></span> <span class='ocrx_word' id='word_1_286' title='bbox 1256 4665 1284 4703; x_wconf 86' lang='lat' dir='ltr'><strong>nr</strong></span> <span class='ocrx_word' id='word_1_287' title='bbox 1305 4678 1337 4687; x_wconf 96' lang='lat'><em>-</em></span> <span class='ocrx_word' id='word_1_288' title='bbox 1362 4651 1414 4706; x_wconf 87' lang='grc'><strong>784</strong></span> <span class='ocrx_word' id='word_1_289' title='bbox 1432 4613 1542 4706; x_wconf 63' lang='lat' dir='ltr'><strong>ntinll’dd</strong></span> <span class='ocrx_word' id='word_1_290' title='bbox 1549 4650 1560 4705; x_wconf 99' lang='lat' dir='ltr'><strong>l</strong></span> <span class='ocrx_word' id='word_1_291' title='bbox 1583 4651 1686 4706; x_wconf 79' lang='lat' dir='ltr'><strong>minuis</strong></span> <span class='ocrx_word' id='word_1_292' title='bbox 1700 4666 1727 4708; x_wconf 91' lang='lat' dir='ltr'><strong>m</strong></span> 
     </span>
     <span class='ocr_line' id='line_1_38' title="bbox 411 4737 1794 4816; baseline 0.004 -15"><span class='ocrx_word' id='word_1_293' title='bbox 411 4746 495 4814; x_wconf 80' lang='lat' dir='ltr'><strong>fitrol</strong></span> <span class='ocrx_word' id='word_1_294' title='bbox 524 4776 556 4784; x_wconf 90' lang='lat'>—</span> <span class='ocrx_word' id='word_1_295' title='bbox 586 4749 637 4803; x_wconf 83' lang='grc'><strong>786</strong></span> <span class='ocrx_word' id='word_1_296' title='bbox 656 4748 773 4802; x_wconf 68' lang='lat' dir='ltr'><strong>catrico</strong></span> <span class='ocrx_word' id='word_1_297' title='bbox 803 4774 835 4783; x_wconf 95' lang='lat'><em>—</em></span> <span class='ocrx_word' id='word_1_298' title='bbox 865 4749 917 4803; x_wconf 93' lang='grc'><strong>786</strong></span> <span class='ocrx_word' id='word_1_299' title='bbox 934 4737 1062 4816; x_wconf 70' lang='grc' dir='ltr'><strong>αἶὶεονίἰί</strong></span> <span class='ocrx_word' id='word_1_300' title='bbox 1084 4746 1227 4801; x_wconf 79' lang='lat' dir='ltr'><strong>adseritm</strong></span> <span class='ocrx_word' id='word_1_301' title='bbox 1251 4749 1385 4802; x_wconf 74' lang='lat' dir='ltr'><strong>emerite</strong></span> <span class='ocrx_word' id='word_1_302' title='bbox 1411 4750 1514 4805; x_wconf 89' lang='grc'>-787</span> <span class='ocrx_word' id='word_1_303' title='bbox 1535 4749 1729 4806; x_wconf 76' lang='lat' dir='ltr'><strong>Insalotrs&#39;na</strong></span> <span class='ocrx_word' id='word_1_304' title='bbox 1792 4759 1794 4764; x_wconf 60' lang='lat'><strong>⁴</strong></span> 
     </span>
     <span class='ocr_line' id='line_1_39' title="bbox 413 4843 1729 4914; baseline 0.003 -14"><span class='ocrx_word' id='word_1_305' title='bbox 413 4847 484 4900; x_wconf 83' lang='lat' dir='ltr'><strong>crioc</strong></span> <span class='ocrx_word' id='word_1_306' title='bbox 506 4860 534 4899; x_wconf 90' lang='lat' dir='ltr'><strong>rn</strong></span> <span class='ocrx_word' id='word_1_307' title='bbox 561 4843 752 4913; x_wconf 62' lang='lat' dir='ltr'><strong>tetartaeo</strong></span> <span class='ocrx_word' id='word_1_308' title='bbox 784 4872 820 4881; x_wconf 98' lang='lat'>—</span> <span class='ocrx_word' id='word_1_309' title='bbox 852 4846 906 4901; x_wconf 90' lang='grc'><strong>788</strong></span> <span class='ocrx_word' id='word_1_310' title='bbox 940 4843 1081 4900; x_wconf 59' lang='lat' dir='ltr'><strong>&amp;euml</strong></span> <span class='ocrx_word' id='word_1_311' title='bbox 1113 4847 1239 4900; x_wconf 70' lang='lat' dir='ltr'><strong>erentes</strong></span> <span class='ocrx_word' id='word_1_312' title='bbox 1260 4860 1288 4899; x_wconf 92' lang='lat' dir='ltr'><strong>m</strong></span> <span class='ocrx_word' id='word_1_313' title='bbox 1322 4846 1438 4911; x_wconf 75' lang='lat' dir='ltr'><strong>(cretone</strong></span> <span class='ocrx_word' id='word_1_314' title='bbox 1463 4861 1492 4901; x_wconf 95' lang='lat' dir='ltr'><strong>m</strong></span> <span class='ocrx_word' id='word_1_315' title='bbox 1522 4846 1553 4914; x_wconf 80' lang='lat' dir='ltr'><strong>l)</strong></span> <span class='ocrx_word' id='word_1_316' title='bbox 1585 4850 1729 4905; x_wconf 77' lang='lat' dir='ltr'><strong>creterssc</strong></span> 
     </span>
     <span class='ocr_line' id='line_1_40' title="bbox 412 4959 559 5012; baseline -0.014 -13"><span class='ocrx_word' id='word_1_317' title='bbox 412 4960 519 4999; x_wconf 73' lang='lat' dir='ltr'><strong>cremm</strong></span> <span class='ocrx_word' id='word_1_318' title='bbox 532 4959 559 5012; x_wconf 83' lang='lat' dir='ltr'><strong>g.</strong></span> 
     </span>
    </p>
   </div>
   <div class='ocr_carea' id='block_1_5' title="bbox 0 0 2072 5834">
    <p class='ocr_par' dir='ltr' id='par_1_11' title="bbox 0 0 2072 5834">
     <span class='ocr_line' id='line_1_41' title="bbox 0 0 2072 5834; baseline 0 3"><span class='ocrx_word' id='word_1_319' title='bbox 0 0 2072 5834; x_wconf 95' lang='lat' dir='ltr'><strong> </strong></span> 
     </span>
    </p>
   </div>
  </div>
 </body>
</html>
